1920 3109
926 106 985 153 62

182 230 301 274 enim
345 228 418 273 ille
450 228 507 273 ad
538 229 590 274 Il.
638 245 680 285 μ.
715 245 756 273 v.
771 229 824 274 17
856 220 904 273 ἑὸ
935 229 985 274 δὲ
1016 228 1070 288 δὴ
1099 230 1190 274 τότε
1223 230 1453 290 Μιλησίων
1468 231 1582 277 ἐστὶν
1611 231 1727 276 ἄνα-

183 311 347 368 προφὴ
380 300 492 353 κοῖτὰ
521 311 621 361 τούς
649 310 884 366 παλαιοὺς,
916 312 962 355 τὰ
996 311 1046 356 δὲ
1076 311 1228 356 κοινὸν
1257 312 1350 357 τότε
1370 312 1454 372 δή.
1509 313 1725 359 Ceterum

183 397 371 452 utroque
403 392 500 438 loco
544 392 666 452 apud
695 392 1038 455 Aristophanem
1081 392 1175 438 τότε
1221 391 1277 453 δή
1317 394 1532 455 apodosin
1581 391 1725 453 infert,

186 474 311 532 cujus
341 475 529 532 protasis
559 474 803 520 secundum
832 491 960 520 usum
983 476 1255 521 homericum
1280 476 1429 521 verbis
1445 475 1586 534 αὐτὰρ
1616 476 1728 536 ἐπῆν

188 561 232 598 et
264 552 363 598 ἀλλ’
396 554 567 599 ὁπόταν
596 556 837 602 inducitur.
898 557 1044 602 Attice
1075 557 1247 602 locutus
1278 564 1343 603 est
1384 561 1516 617 poeta
1545 558 1655 602 Ran.
1685 574 1727 602 v.

187 636 287 692 816,
320 653 406 696 quo
437 637 535 682 loco
568 637 625 696 δή
655 654 789 697 quum
822 638 1191 684 demonstrativae
1228 639 1471 699 particulae
1508 638 1601 682 τότε
1631 639 1730 683 effe—>

186 716 353 762 rendae
399 719 633 774 inserviat,
690 735 814 765 more
854 721 987 765 attico
1029 721 1227 779 sequitur
1278 735 1450 776 vocem,
1503 719 1562 765 ad
1599 734 1730 780 quam

191 801 396 859 pertinet.

273 900 280 910 ’
312 881 531 927 Omnibus
561 888 709 927 autem
741 883 850 927 locis
881 899 990 943 quos
1021 883 1148 928 attuli
1179 889 1232 928 ea
1264 882 1419 928 vocula
1460 882 1732 941 significatur

189 964 406 1007 actionem
438 979 489 1008 eo
519 970 717 1023 tempore
750 964 807 1008 ad
840 971 1009 1009 certum
1041 965 1263 1023 quendam
1293 965 1424 1007 finem
1457 978 1731 1022 progressam

191 1057 298 1100 esse,
328 1059 415 1104 quo
448 1044 524 1105 qui
554 1045 611 1089 sit
640 1043 815 1090 futurus
847 1045 990 1090 exitus
1012 1045 1243 1090 manifesto
1267 1051 1493 1105 appareat,
1524 1051 1600 1089 aut
1629 1044 1734 1089 inde

190 1141 218 1168 a
248 1140 335 1184 quo
367 1126 412 1169 in
444 1140 594 1168 rerum
626 1127 812 1169 veritate
855 1127 1046 1169 existere
1091 1127 1287 1185 incipiat.
1363 1126 1572 1171 Ceterum
1614 1131 1734 1170 recte

191 1206 403 1264 fecerunt,
436 1208 511 1266 qui
541 1207 653 1252 Ran-
685 1223 726 1251 v.
759 1207 843 1253 767
878 1214 1030 1252 contra
1062 1207 1192 1252 codd.
1223 1208 1406 1253 Barocc.
1448 1214 1498 1254 et,
1522 1208 1734 1253 Cantabr.

192 1287 241 1342 I.,
277 1289 351 1347 qui
383 1287 602 1347 praebent
630 1287 721 1331 τότε
755 1287 812 1346 δή
844 1288 1080 1333 ediderunt
1108 1287 1204 1333 τότε
1234 1287 1297 1332 δὲ.
1359 1288 1458 1333 Hoc
1490 1289 1607 1333 enim
1637 1288 1736 1333 loco

193 1375 237 1411 et
266 1369 511 1427 postulatur
541 1371 758 1427 oppositio
789 1385 932 1427 neque
964 1370 1205 1428 quidquam
1236 1371 1382 1426 refert,
1413 1376 1556 1413 utrum
1578 1384 1738 1427 magna

194 1464 293 1494 cum
325 1450 372 1494 vi
403 1449 578 1495 dicatur
608 1456 785 1510 poetam
827 1451 1008 1494 minoris
1040 1451 1172 1510 pretii
1203 1449 1352 1495 sellam
1384 1464 1461 1505 „eo
1491 1451 1589 1506 ipso
1636 1455 1738 1496 tem-

187 1532 317 1586 poris
340 1535 538 1586 puncto“
569 1530 820 1590 relinquere
852 1531 1028 1588 debere,
1059 1546 1217 1588 necne;
1249 1532 1411 1576 sufficit
1443 1531 1607 1575 dixisse
1633 1546 1738 1575 >eum

196 1613 371 1655 omnino
403 1611 562 1655 cedere
595 1611 759 1655 debere
790 1613 961 1670 majori.

316 1692 458 1735 Simili
488 1698 634 1737 autem
665 1692 797 1736 modo
828 1699 960 1751 atque
1000 1692 1218 1751 particula
1270 1690 1524 1751 temporalis
1566 1691 1741 1737 demon-

195 1775 381 1819 strativa
410 1774 505 1816 τότε
536 1775 669 1818 etiam
699 1773 819 1818 aliae⁴
844 1789 975 1818 voces
1008 1773 1390 1830 demonstrativae,
1422 1790 1556 1833 quum
1587 1790 1742 1833 prono-

202 1856 323 1899 mina
353 1861 447 1900 tum
478 1854 717 1912 adverbia,
757 1861 965 1915 sequente
996 1845 1212 1914 particula
1243 1853 1300 1913 δή
1332 1854 1538 1913 leguntur
1567 1856 1650 1912 ita,
1695 1862 1744 1900 ut

205 1952 357 1980 eorum
397 1938 488 1979 vim
528 1942 699 1994 augeat,
743 1935 915 1980 addens
966 1936 1331 1993 significationem
1367 1936 1432 1979 rei
1473 1935 1742 1979 manifestae.

202 2016 349 2075 Atque
381 2018 425 2060 in
458 2016 525 2060 his
555 2017 772 2076 imprimis
803 2016 997 2061 notanda
1029 2023 1095 2061 est
1123 2016 1311 2060 formula
1353 2017 1488 2058 ταῦτα
1531 2014 1588 2072 δή
1632 2030 1744 2074 quae

202 2097 323 2156 apud
355 2099 573 2142 comicum
611 2098 680 2141 bis
719 2098 882 2155 legitur
912 2097 1024 2141 Ach.
1056 2097 1155 2141 815.
1190 2097 1325 2155 Vesp.
1358 2096 1468 2151 851,
1512 2109 1745 2154 quamque,

204 2179 240 2220 si
272 2177 380 2238 quid
410 2177 555 2235 video,
585 2184 705 2223 recte
738 2178 951 2239 explicuit
971 2177 1207 2223 Elmslcius
1232 2177 1289 2222 ad
1306 2176 1417 2221 Ach.
1435 2176 1522 2221 815
1552 2176 1619 2221 his
1650 2191 1747 2220 ver-

202 2262 271 2307 bis
304 2262 599 2322 „subauditur
630 2261 826 2320 δροίσω,“
861 2276 947 2321 quo
979 2261 1109 2305 simul
1139 2259 1397 2319 intelligitur
1435 2274 1521 2320 quo
1552 2274 1689 2319 usque
1720 2274 1747 2303 a

204 2360 311 2389 vero
342 2344 618 2388 aberraverit
649 2343 908 2400 Berglerus,
956 2343 1031 2402 qui
1062 2341 1199 2386 verba
1239 2357 1333 2386 esse
1363 2342 1562 2385 mirantis
1603 2346 1750 2383 censet

210 2427 295 2485 (ap.
327 2425 425 2468 InV.
440 2424 512 2469 vol
544 2424 647 2469 VII.
680 2440 723 2483 p.
757 2424 879 2481 215).
909 2422 1082 2467 Eodem
1114 2437 1245 2466 sensu
1274 2414 1479 2480 usurpari
1499 2421 1636 2463 ταῦτα’
1670 2434 1750 2463 νυν

208 2506 343 2565 Vesp.
383 2506 494 2551 1008
538 2511 582 2548 et
620 2506 757 2547 ταῦτα
803 2504 921 2548 nude
962 2505 1151 2562 positum
1194 2504 1280 2562 Eq.
1334 2505 1427 2546 111.
1473 2497 1751 2562 Vesp.'142.

207 2587 311 2631 Pac.
345 2586 445 2630 275.
479 2585 713 2630 Elmsleius
745 2585 772 2628 l.
805 2585 847 2628 d.
879 2586 1060 2629 notavit.
1124 2583 1324 2642 (Heindf.
1356 2583 1413 2629 ad
1445 2583 1555 2627 Plat.
1583 2578 1753 2626 Phaed.

212 2685 256 2727 p.
303 2669 358 2711 78
412 2669 462 2711 Β.
514 2668 633 2712 John
679 2668 845 2724 Seager
885 2669 931 2710 in
973 2666 1184 2710 Classical
1229 2665 1416 2709 Journal
1460 2665 1538 2709 Nr.
1589 2663 1670 2708 IV.
1710 2678 1754 2721 p.

210 2748 296 2793 717
330 2749 452 2807 sqq.).
662 2787 665 2790 .

339 2829 527 2873 Praeter
557 2828 637 2872 hos
664 2828 783 2873 locos
816 2828 1021 2873 notabilis
1064 2835 1128 2874 est
1158 2828 1269 2872 Ach.
1302 2829 1387 2872 311
1423 2842 1484 2886 sq.
1531 2826 1632 2886 quia
1672 2826 1757 2871 hoc
