1920 3109
946 72 984 115 9.

185 197 333 242 >lubitu
373 198 562 255 positum
604 198 662 240 sit
704 203 851 240 utrum
891 194 1074 252 singulis
1115 194 1222 238 locis
1261 194 1339 237 ubi
1368 194 1452 248 μέν
1481 192 1726 236 solitarium

185 280 352 333 exstat,
382 278 652 331 enuntiatum
682 274 954 335 respondens
983 290 1064 334 per
1094 273 1355 333 particulam
1386 272 1439 315 δέ
1467 272 1596 316 facile
1626 286 1729 331 sup-

187 357 301 416 pleri
329 371 457 415 posse
491 358 725 411 existimet,
755 370 907 412 necne,
937 354 986 398 id
1007 353 1135 413 -quod
1166 355 1213 396 in
1242 352 1460 411 exemplis
1490 352 1725 396 homericis

192 437 347 481 docuit(
370 438 671 482 Baumleinius
701 439 838 495 (Part.
861 453 904 495 p.
925 436 1040 493 160).
1101 434 1229 490 Quae
1260 449 1394 492 quum
1424 434 1487 476 ita
1517 434 1603 476 sint
1630 447 1726 475 rem

190 513 344 561 melius
369 532 463 562 esse
481 532 783 576 processuram
808 517 995 576 speravi,
1026 517 1077 572 si,
1103 514 1359 571 -Hartungio
1383 513 1494 557 duce
1515 513 1654 570 (Part.
1667 512 1725 563 ΙΙ,

187 596 274 641 411
296 598 411 657 sqq.)
441 598 559 642 locos
588 599 865 656 sejungerem
897 611 980 655 pro
1009 595 1136 639 verbi
1166 594 1336 638 ratione
1368 591 1486 651 quod
1518 606 1597 651 per
1628 607 1725 650 par-

189 678 368 722 ticulam
398 680 480 732 μέν
510 679 770 722 affirmativa
799 677 1119 735 significatione
1150 674 1473 719 corroboratur.

308 757 474 816 Atque,
513 764 564 801 ut
601 757 706 801 inde
738 756 969 812 exordiar,
1009 757 1093 811 μέν
1122 754 1365 819 solitarium
1397 752 1517 812 quod
1550 753 1725 809 dicitur,

191 837 384 895 primum
412 839 591 896 ponitur
620 843 719 895 post
747 837 1007 895 pronomina
1028 834 1277 894 personalia
1298 840 1343 877 et
1368 832 1725 884 demonstrativa,

190 932 278 976 qua
305 920 352 962 in
383 918 561 979 dicendi
590 919 759 962 ratione
790 918 1007 976 imprimis
1048 917 1153 960 satis
1190 914 1316 959 multi
1358 920 1459 958 sunt
1500 913 1608 968 loci,
1649 912 1727 956 ubi

190 996 239 1039 in
263 996 554 1055 jurisjurandi
585 997 734 1055 aliqua
747 993 938 1041 formula
968 997 1050 1050 μέν
1081 1009 1181 1038 cum
1196 995 1366 1052 primae
1397 1008 1611 1052 personae
1631 1008 1728 1051 pro-

190 1078 367 1120 nomine
394 1078 687 1135 conjungitur.
749 1076 982 1134 Ejusmodi
1012 1075 1224 1119 formulae
1245 1074 1365 1133 apud
1388 1074 1725 1132 Aristophanem

188 1157 469 1200 inveniuntur
498 1171 660 1213 genera
691 1156 801 1211 duo,
845 1171 1031 1213 quorum
1072 1156 1195 1212 prius
1238 1160 1408 1197 constat
1448 1169 1507 1197 ex
1537 1153 1726 1197 formula

189 1235 254 1291 μοὶ
282 1237 357 1278 τὸν
381 1234 584 1279 ,Ἀπόλλω
609 1235 685 1288 ’γώ
716 1237 798 1291 μὲν
828 1235 895 1285 οὔ,
927 1234 1112 1277 alterum
1133 1234 1320 1278 formula
1349 1234 1411 1289 μοὶ
1435 1234 1505 1276 Δί’
1532 1234 1615 1287 ἐγώ
1646 1236 1728 1289 μὲν

191 1315 257 1365 οὔ,
299 1316 414 1358 inter
445 1330 552 1374 quas
581 1314 630 1357 id
660 1314 896 1357 intercedit
926 1313 1188 1369 discrimen,
1230 1314 1350 1372 quod
1382 1329 1482 1357 cum
1514 1315 1727 1373 Apollinis

190 1397 365 1439 nomine
395 1395 595 1438 omnibus
634 1394 741 1438 locis
782 1394 992 1440 articulus
1025 1401 1092 1437 est
1136 1396 1418 1452 conjunctus,
1463 1395 1495 1438 J
1497 1396 1591 1439 ovis
1621 1411 1728 1439 vero

191 1489 349 1519 nomen
377 1489 549 1533 semper
577 1474 696 1518 nude
725 1474 916 1532 positum
946 1479 1032 1530 est,
1082 1474 1205 1532 quod
1244 1476 1394 1518 nescio
1435 1490 1540 1518 num
1581 1474 1726 1518 hiatus

191 1554 361 1597 vitandi
394 1569 528 1597 causa
565 1569 738 1612 semper
777 1555 933 1598 fecerit
972 1558 1123 1613 poeta,
1168 1549 1303 1612 quum
1343 1561 1511 1598 certum
1552 1557 1728 1598 omnino

191 1634 312 1693 apud
328 1634 668 1692 Aristophanem
698 1635 871 1677 intersit
904 1634 1141 1677 discrimen
1172 1635 1287 1677 inter
1319 1634 1535 1692 ejusmodi
1567 1635 1728 1678 formu-

192 1715 259 1758 las
285 1714 438 1758 addito
470 1720 546 1757 aut
576 1715 735 1757 omisso
765 1713 952 1757 articulo
981 1720 1227 1771 usurpatas,
1259 1720 1303 1757 et
1334 1714 1513 1772 quidem
1545 1714 1648 1769 hoc,
1680 1721 1729 1758 ut

191 1810 227 1837 e.
260 1809 303 1851 g.
333 1795 396 1850 μοὶ
421 1801 502 1845 7τὸν
530 1795 616 1836 Δία
646 1795 813 1852 majore
853 1809 954 1838 cum
982 1795 1029 1838 vi
1061 1793 1226 1838 dictum
1258 1795 1334 1850 sit,
1373 1809 1506 1852 quam
1536 1794 1726 1853 simplex

189 1873 251 1928 μὰ
283 1874 390 1923 Δία,
434 1874 496 1917 ita
537 1880 587 1917 ut
629 1874 923 1932 respondeant
962 1888 1093 1917 voces
1126 1874 1220 1917 fere
1249 1868 1510 1917 nostratium
1541 1875 1725 1919 vocibus

187 1970 304 2013 quae
340 1960 440 1999 sunt
484 1955 580 2009 „bei
615 1955 747 1999 Gott“
789 1961 832 1998 et
874 1955 1013 2009 „heim
1054 1969 1236 2010 yrossen
1269 1959 1412 1999 Gotffl.
1472 1956 1617 2000 Locos
1648 1957 1725 2001 ubi

188 2035 350 2092 legitur
384 2034 448 2088 μά
486 2036 561 2076 τὸν
593 2033 792 2077 Ἀπόλλω
836 2035 910 2087 'rai
950 2036 1032 2089 μὲν
1077 2034 1131 2076 οὔ
1174 2050 1323 2078 omnes
1364 2036 1451 2092 jam
1496 2036 1641 2080 attulit
1670 2036 1725 2080 A.

188 2114 425 2159 Muellerus
464 2113 522 2158 ad
552 2114 659 2158 Ach.
688 2114 772 2159 59.·
820 2114 934 2159 Sunt
979 2115 1238 2172 (secundum
1287 2115 1523 2164 editionem
1564 2116 1727 2160 Meine-

187 2191 378 2248 kianam,
407 2208 537 2251 quam
556 2194 603 2236 in
623 2193 856 2237 afferendis
876 2193 984 2237 locis
1011 2195 1188 2257 sequor)
1218 2194 1351 2237 Ach.:
1382 2196 1453 2238 59.
1478 2196 1574 2238 101.
1621 2197 1727 2255 Eq.:

191 2274 257 2318 14.
281 2274 405 2320 1041.
463 2274 579 2318 Nub.
601 2275 699 2320 732.
757 2275 862 2319 Pac.
885 2277 952 2320 16.
1011 2274 1097 2319 Av.
1121 2275 1221 2319 263.
1244 2275 1334 2325 439
1362 2277 1425 2330 μοὶ
1449 2277 1516 2318 Δί’
1541 2276 1626 2330 ἐγώ
1644 2280 1727 2331 μὲν

189 2353 243 2396 οὔ
271 2354 432 2413 legitur
460 2356 545 2399 Av.
579 2354 706 2400 1497.
770 2355 875 2414 Lys.
906 2355 1006 2399 873.
1066 2354 1188 2399 noel.
1221 2355 1320 2402 553
1379 2340 1495 2401 Plu't.
1516 2358 1617 2413 359,
1648 2358 1726 2402 ubi

188 2435 234 2478 in
264 2435 420 2478 eodem
446 2451 578 2480 versu
607 2442 839 2494 utrumque
868 2435 1005 2480 habes
1036 2436 1182 2492 deum,
1213 2436 1271 2481 ib.
1291 2437 1394 2493 444,
1425 2438 1526 2481 971.
1584 2438 1725 2482 Porro

188 2515 320 2557 etiam
350 2513 435 2557 hue
465 2514 705 2558 trahendus
737 2521 802 2559 est
831 2515 917 2559 Av.
950 2515 1033 2561 801
1078 2515 1155 2560 ubi
1196 2531 1296 2559 cum
1326 2517 1613 2575 jurisjurandi
1642 2519 1726 2561 for-

143 2594 146 2597 ’
188 2593 305 2639 mula
348 2595 488 2653 majus
533 2595 757 2658 quoddam
806 2596 1077 2648 enuntiatum
1121 2585 1400 2656 conjunctum
1431 2603 1508 2640 est.
1570 2598 1725 2657 Neque

188 2689 269 2718 usu
303 2674 360 2718 ab
390 2674 457 2718 his
486 2675 593 2719 locis
624 2675 831 2720 differunt
866 2677 942 2735 qui
973 2682 1202 2735 praeterea
1246 2692 1484 2736 pronomen
1513 2678 1598 2732 ἐγώ
1629 2695 1728 2738 par·

187 2753 321 2798 ticula
364 2757 446 2809 μέν
495 2757 835 2801 οοιἸ-οὴοηῐιιω
872 2757 1105 2802 ostendunt
1152 2758 1259 2809 Ach.
1312 2759 1412 2801 706.
1461 2760 1575 2804 Nub.
1624 2761 1726 2804 545.
