1920 3109
955 98 1013 145 80

207 222 352 267 Klotz.
372 222 432 266 ad
454 223 630 266 Devar
646 223 705 266 ΙΙ.
725 223 830 267 439.
861 224 1002 269 Multo
1031 227 1208 285 saepius
1223 230 1479 286 negationes
1506 245 1621 290 quae
1649 238 1752 278 sunt

207 301 263 346 οὔ
294 309 339 347 et
366 302 425 360 μῆ
457 318 539 362 per
567 304 830 363 particulam
862 304 973 363 δῆτα
1004 307 1260 364 efferuntur,
1304 315 1437 368 atque
1467 313 1530 356 ita
1559 312 1752 371 quidem,

205 389 255 427 ut
284 382 342 425 οὐ
370 382 482 439 δῆτα
512 383 894 428 vehementissime
924 388 1128 444 negantis
1156 388 1234 444 sit,
1266 402 1354 447 qua
1382 389 1455 434 de
1485 403 1625 438 causa
1652 388 1751 452 peb-

175 507 179 511 ,
204 464 356 508 multis
386 464 495 508 locis
525 465 658 508 etiam
691 465 741 521 νὴ
774 466 876 520 Δία,
908 465 1198 523 duomantala,
1231 475 1277 512 et
1306 483 1419 528 quae
1449 477 1550 514 sunt
1579 471 1751 528 similia,

204 545 447 597 adduntur,
479 544 554 588 vel
569 543 626 587 οὗ
667 551 713 589 et
742 543 891 588 οὐδέ·
879 562 926 590 m
957 546 1113 592 eodem
1146 562 1277 594 versu
1306 549 1365 594 ad
1394 549 1642 608 augendam
1673 563 1750 595 ne-

206 627 395 685 gationis
442 627 532 669 vim
572 625 856 685 adjiciuntur.
918 628 1068 688 Atque
1114 644 1248 688 quum
1300 632 1346 675 in
1392 631 1477 676 hoc
1517 647 1599 676 usu
1642 631 1751 677 nihil

203 708 313 750 *insit
344 707 517 765 proprii
546 707 653 750 satis
695 706 840 751 habco
868 708 987 753 locos
1033 723 1311 755 enumerasse
1352 713 1429 770 qui
1470 718 1590 757 sunt:
1638 711 1751 756 Aah.

205 788 308 832 619.
340 788 424 846 Eq.
458 786 709 832 870.1110.
735 788 860 831 1229.
897 774 1023 832 1307.
1057 789 1184 835 1309.
1215 788 1333 835 Nub.
1354 792 1578 837 733.913.
1612 792 1748 851 Vesp.

209 868 293 912 169
339 867 578 911 396.·989.
614 867 743 911 1496.
784 869 863 912 Av.
899 868 1028 914 1015.
1064 870 1209 914 1391.
1239 871 1367 916 1670.
1406 871 1511 931 LyS.
1542 873 1643 917 524.
1673 874 1750 931 (ef.

204 949 322 994 Reis.
355 948 572 1006 Conjectt.
603 947 636 989 Ι.
688 948 809 1002 235).
854 948 954 991 905.
989 950 1102 993 Ran.
1135 951 1205 994 28.
1243 951 1315 994 56.
1346 952 1448 996 845.
1484 953 1584 996 914.
1618 953 1748 997 1089.

210 1029 337 1074 1144.
372 1027 502 1071 1160.
523 1039 526 1042 ·
547 1027 674 1070 1183.
709 1027 838 1070 1188.
883 1029 1009 1072 1-230.
1046 1030 1173 1074 1457.
1213 1031 1336 1075 Eccl.
1378 1032 1479 1075 373.
1512 1033 1613 1079 856,
1646 1034 1749 1078 927.

203 1109 319 1153 Plut.
350 1108 452 1152 372.
496 1106 597 1151 374.
639 1107 741 1150 391.
787 1108 887 1151 712.
934 1108 1062 1153 1063.
1104 1110 1242 1163 1070,
1293 1110 1351 1155 ad
1394 1124 1524 1171 quem
1570 1127 1748 1157 versum

200 1188 348 1233 ¹Schol.
379 1188 520 1232 Dorv.
550 1187 745 1245 explicat
779 1203 907 1232 voces
939 1187 993 1230 οὐ
1024 1187 1133 1245 δῆτα
1178 1205 1259 1248 per
1301 1189 1521 1246 οὐδαμῶς.
1582 1193 1748 1237 Parum

203 1276 339 1314 recte.
398 1267 448 1332 Si
479 1269 598 1312 enim
627 1266 763 1311 Arist.
796 1267 906 1311 Ran-
937 1267 995 1312 56
1027 1269 1295 1328 inspicimus,
1327 1271 1402 1330 qui
1432 1271 1578 1316 audit:

351 1348 581 1401 γυναικός;
612 1346 668 1389 οὔ
698 1347 791 1403 δῆτ’
830 1372 890 1380 -—-·
920 1347 1039 1391 ἄλλά
1072 1349 1234 1399 παιδός
1241 1368 1257 1402 ,-
1293 1375 1347 1383 --
1379 1349 1600 1405 οιῗὸαμῶς.

202 1429 502 1487 intelligimus,
544 1425 753 1482 οὐδαμῶς
780 1428 1026 1485 negationis
1060 1430 1105 1472 vi
1135 1430 1198 1474 ita
1237 1426 1295 1474 ab
1325 1428 1381 1473 οὔ
1410 1429 1520 1487 δῆτα
1559 1429 1749 1486 differre,

201 1520 251 1555 ut
265 1524 390 1555 amor
399 1510 527 1568 pueri
541 1508 599 1552 ab
611 1523 760 1552 amore
775 1508 983 1552 mulieris.
1014 1509 1155 1553 Multo
1171 1510 1306 1568 igitur
1320 1510 1479 1554 fortior
1492 1512 1669 1568 negatio
1683 1516 1751 1556 est

201 1591 423 1647 οὐδαμῶς.
456 1590 665 1635 Ceterum
690 1589 1032 1646 animadvertas,
1067 1605 1242 1649 quaeso,
1262 1591 1418 1636 horum
1433 1590 1634 1637 locorum
1661 1608 1749 1641 non

201 1674 356 1734 paucis
375 1671 562 1716 verbum
594 1672 850 1729 negativum
873 1670 1020 1715 eflerri
1052 1683 1133 1730 per
1161 1671 1424 1730 particulam
1437 1673 1489 1725 γέ
1500 1666 1558 1717 cf.
1576 1672 1684 1718 Ran.
1705 1687 1749 1717 v.

202 1755 334 1798 1160.
350 1753 473 1796 Inter
487 1752 731 1796 locutiones
754 1748 809 1792 οὔ
825 1749 934 1806 δῆτα
950 1758 994 1794 et
1010 1750 1070 1807 μὴ
1088 1751 1197 1808 δῆτα
1211 1752 1366 1798 eadem
1388 1753 1623 1797 intercedit
1636 1754 1749 1798 ratio

200 1849 315 1893 quae
346 1839 412 1877 est
441 1833 556 1876 inter
585 1829 640 1874 οὐ
673 1837 718 1875 et
745 1833 809 1887 μή
840 1830 1044 1889 simplex.
1091 1830 1240 1886 Quum
1263 1827 1380 1876 enim
1399 1830 1455 1876 οὕ
1469 1831 1579 1890 δῆτα
1606 1833 1746 1892 probe

193 1920 398 1959 verteres
410 1926 497 1956 mm
511 1913 727 1968 profecto,
743 1910 804 1967 μή
816 1909 926 1968 δῆτα
947 1909 1039 1954 fere
1052 1917 1117 1954 est
1128 1912 1396 1967 neutiquam,
1418 1912 1532 1957 absit
1544 1913 1613 1967 (cf.
1629 1912 1746 1960 Plut.

198 1995 302 2039 937.
314 1994 417 2052 965)
444 1992 608 2049 (Fisch.
622 1991 680 2037 ad
693 1991 932 2048 Plut.790),
942 1992 1006 2036 ita
1016 1998 1065 2036 ut
1075 1991 1335 2051 plerumque
1349 1991 1613 2037 obsecrandi
1623 1994 1745 2040 notio

194 2077 315 2131 insit,
326 2089 462 2133 quam
472 2075 615 2117 inesse
627 2073 821 2116 comicus
833 2073 927 2130 ipse
939 2071 1158 2116 nonnullis
1168 2071 1277 2115 locis
1290 2071 1445 2116 addita
1455 2070 1746 2116 νοοθῖκετεύω

192 2155 481 2214 significavit,
509 2160 559 2198 ut
581 2169 619 2198 e.
644 2138 687 2212 g.
707 2153 828 2197 Nub.
844 2147 932 2197 696
946 2152 1021 2211 (cf.
1042 2151 1196 2196 Elmsl.
1216 2152 1275 2196 ad
1293 2151 1413 2196 Med.
1436 2153 1544 2209 330)
1565 2152 1747 2201 Thesm-

200 2237 303 2281 751.
335 2236 448 2279 Ran.
483 2236 552 2278 11.
589 2233 686 2278 167.
727 2233 878 2278 Etiam
909 2233 993 2277 hac
1023 2233 1071 2277 in
1102 2232 1321 2289 dictione,
1362 2239 1407 2277 et
1436 2234 1611 2292 saepius
1656 2233 1749 2292 qui-

199 2316 303 2360 dem
334 2332 466 2375 quam
484 2315 618 2374 apud
647 2312 705 2357 οὔ
720 2313 845 2371 ’δῆτα
875 2328 956 2373 per
986 2313 1251 2373 particulam
1281 2315 1331 2367 γέ
1371 2314 1446 2371 (cf.
1473 2312 1746 2359 Heraean.

199 2398 259 2459 ad
289 2396 443 2440 Elmsl.
473 2395 595 2440 Med.
625 2410 669 2454 p.
703 2392 809 2450 375)
847 2391 1024 2439 auctam
1071 2395 1328 2452 conspicere
1375 2394 1541 2453 poteris
1577 2407 1744 2448 vocem,

190 2478 256 2523 -ad
287 2492 421 2536 quam
453 2481 653 2534 spectant
667 2474 910 2519 vocabulae
930 2472 993 2532 μή
1011 2473 1135 2531 δῆτα,
1167 2475 1291 2532 cujus
1305 2474 1369 2517 rei
1399 2474 1604 2534 exempla
1622 2480 1749 2520 sunto

198 2559 282 2617 Eq.
314 2557 415 2602 960.
456 2556 559 2613 Lys.
604 2555 679 2599 36.
719 2555 821 2600 877.
865 2554 1042 2598 Thesm.
1085 2554 1186 2600 540.
1229 2554 1338 2598 Ran.
1370 2555 1440 2599 65.
1484 2555 1747 2600 625.·1472.

197 2640 312 2684 Plut.
345 2638 446 2683 651.

190 2739 192 2741 ’
316 2720 379 2764 Ut
419 2734 525 2763 vero
562 2719 606 2761 in
647 2719 955 2777 responsione,
997 2720 1060 2762 ita
1093 2718 1161 2762 vel
1195 2718 1389 2762 maxime
1420 2717 1467 2760 in
1501 2717 1744 2774 interroga-

195 2803 314 2846 tione
345 2806 581 2859 usurpatur
612 2814 701 2844 vox
728 2799 855 2856 δῆτα,
885 2800 1172 2844 ubirvocibus¹
1192 2798 1385 2846 additur.
1403 2798 1742 2856 interrogativis,
