1920 3109
932 87 991 129 20

189 205 424 264 respondet
447 207 522 264 qui
540 208 793 264 interrogat,
824 208 953 262 simul
974 206 1277 265 gradationem
1299 210 1511 267 inferens3
1542 207 1733 268 denique

192 285 322 344 Vesp.
355 284 456 330 516.
490 285 611 330 Eccl.
635 287 718 330 111
752 302 833 347 per
862 288 990 332 verbi
1022 287 1194 348 ellipsin
1233 299 1467 348 responsus
1497 287 1640 346 datur,
1670 289 1734 333 ita

129 369 132 373 ’
189 372 238 410 ut
268 381 356 410 non
387 351 459 411 ad·
477 369 618 426 ipsam
649 369 1041 426 interrogationem
1072 373 1251 428 spectet,
1281 385 1393 428 quae
1414 369 1542 414 verbi
1572 370 1734 435 ellipsis

189 445 256 489 vel
287 448 481 492 maxime
513 448 576 492 eis
606 447 711 492 locis
745 455 983 509 comparet,
1014 450 1092 494 ubi
1115 450 1378 495 adverbium
1408 448 1604 507 aliquod,
1632 465 1731 508 gra-

186 512 408 570 dationem
439 527 648 584 inferens,
691 543 791 572 cum
821 532 904 583 μὲν
935 527 1016 571 οὖν
1065 529 1294 587 particulis
1324 529 1637 588 conjungitur,
1678 536 1729 573 ut

186 607 307 647 ποίνυ
349 608 433 661 μὲν
472 605 554 649 οὖν
592 607 705 651 Plut.
752 624 794 651 v.
825 609 895 652 97.
945 608 1021 666 (cf.
1057 608 1211 652 Stallb.
1255 608 1325 652 ad.
1366 609 1496 653 Polit.
1534 609 1619 652 331
1651 609 1730 663 D.)

195 690 228 729 at
256 685 412 731 addito
444 686 583 731 verbo
613 686 733 731 Pluti
763 703 806 731 v.
842 688 978 743 11953
1027 686 1190 749 κομιδῇ
1232 690 1311 743 μὲν
1349 685 1430 732 οὖν
1468 686 1545 746 (cf.
1579 686 1730 747 steph.

189 765 393 810 rhesaur.
424 767 483 810 11.
514 768 603 812 322
634 768 685 812 e.
718 768 774 812 ed
802 768 1020 826 Dindorf.)
1052 784 1184 827 quam
1221 769 1456 813 formmam
1500 755 1741 814 scholiasta

188 846 380 905 explicat
410 847 560 891 verbis
590 847 688 891 α’ντὶ
718 851 793 891 τοῦ
825 849 1086 891 παντάπασι
1108 851 1191 904 μὲν
1220 846 1315 900 οὖν,
1347 864 1460 908 quae
1491 847 1729 908 particula-

188 941 281 969 rum
312 927 564 985 conjunctio
595 927 716 986 apud
747 927 1090 986 Aristophanem
1121 943 1209 972 non
1241 933 1399 972 exstat.
1457 913 1620 985 (Locos
1638 928 1729 988 pla-

189 1006 427 1050 tonicos-v.
469 1007 590 1065 apud
617 1007 790 1051 Bauml.
821 1008 943 1051 Part.
977 1008 1104 1065 176.).
1161 1008 1348 1052 Prorsus
1374 1007 1494 1052 idem
1524 1009 1643 1053 valet
1673 1008 1729 1054 de

187 1087 246 1129 eis
276 1086 397 1142 locis,
428 1086 506 1130 ubi
536 1088 618 1140 μὲν
649 1085 730 1129 οὖν
760 1087 968 1144 leguntur
997 1089 1043 1131 in
1073 1103 1284 1146 responsu
1313 1089 1526 1146 negantis,
1567 1088 1645 1134 ubi
1674 1089 1730 1133 si-

183 1167 274 1211 mul
304 1168 566 1224 corrigentis
596 1174 673 1211 est.
735 1168 845 1212 Loci
864 1170 1000 1212 sunt:
1031 1167 1143 1211 Ach.
1162 1168 1264 1211 285.
1295 1168 1412 1212 Nub.
1432 1169 1560 1212 1086.
1593 1169 1728 1228 Vesp.

185 1247 314 1292 1377.
346 1247 434 1291 Av.
466 1247 567 1292 293.
599 1247 778 1291 Thesm.
805 1248 905 1291 861.
936 1247 1053 1293 Plut.
1086 1247 1188 1291 347.
1219 1247 1320 1292 437.
1368 1247 1508 1291 Porro
1537 1249 1619 1303 μὲν
1648 1246 1729 1292 οὖν
1816 1286 1819 1290 .

183 1343 270 1371 non
286 1328 606 1393 praecedente.
630 1312 979 1385 interrogatione
1012 1330 1257 1373 recusantis
1285 1317 1332 1371 'et
1364 1329 1636 1385 corrigentis,
1660 1335 1749 1374 est.

183 1409 246 1452 ita
299 1413 348 1451 ut
397 1423 479 1467 per
523 1423 680 1452 vocem
728 1409 893 1465 „immo
906 1410 932 1435 “
978 1406 1272 1467 praecedente
1317 1409 1550 1467 negatione
1592 1395 1730 1468 possit

183 1489 320 1531 verti:
350 1488 434 1546 Eq.
469 1489 539 1531 13.
573 1488 674 1531 911.
705 1488 824 1532 Nub.
855 1489 958 1531 220.
992 1489 1121 1532 1112.
1155 1487 1283 1531 1454.
1316 1488 1451 1547 Vesp.
1484 1489 1583 1533 898.
1624 1488 1726 1534 953.

186 1568 315 1611 1421.
346 1568 452 1610 Pac.
475 1567 577 1611 628.
612 1568 690 1610 Av.
707 1568 808 1610 341.
843 1567 971 1612 1464.
1002 1567 1183 1610 Thesm.
1208 1567 1309 1611 257.
1339 1568 1448 1612 Rau.
1471 1556 1573 1612 241.
1604 1569 1728 1612 Eccl.

186 1647 286 1693 768.
322 1645 615 1691 1074.‘1084.
658 1646 773 1691 Plut.
806 1647 904 1691 270.
936 1647 1037 1692 390.
1073 1646 1210 1702 1067;
1251 1647 1444 1707 itemque
1474 1647 1627 1694 addita
1656 1663 1729 1694 ne-

182 1729 357 1785 gatione
388 1728 496 1771 Ran.
515 1726 615 1770 556.
652 1727 781 1771 1188.
810 1727 924 1771 Plut.
944 1727 1046 1771 652.
1076 1727 1192 1780 87ος
1222 1742 1305 1770 nec
1331 1727 1489 1772 desunt
1518 1727 1617 1783 loci,
1634 1727 1725 1774 -ubi

183 1825 264 1868 per
294 1807 533 1867 particulas
577 1809 660 1863 μὲν
690 1805 772 1850 οὖν
801 1823 890 1852 11011
923 1809 1164 1866 praemissa
1193 1809 1538 1866 interrogatione
1568 1807 1725 1867 aliquis

183 1904 229 1934 se
246 1904 350 1933 cum
380 1889 455 1944 eis,
487 1903 600 1947 quae
632 1888 745 1933 alius
776 1887 994 1946 edixerat,
1025 1890 1272 1933 consentire
1309 1888 1485 1945 fatetur,
1517 1889 1593 1947 qui
1622 1904 1726 1933 usus

184 1970 408 2014 invenitur
447 1969 557 2013 Ran.
590 1969 691 2012 612.
732 1969 834 2014 626.
880 1969 1003 2013 Eccl.
1042 1969 1141 2014 765.
1171 1968 1287 2013 Plut.
1321 1969 1418 2014 119·
1448 1969 1549 2015 410.
1596 1969 1725 2014 1009.

189 2050 318 2094 1036.
378 2049 585 2106 Denique
630 2049 874 2107 particulae
918 2051 1000 2104 μὲν
1031 2047 1113 2091 οὖν
1154 2050 1286 2092 etiam
1317 2049 1364 2092 in
1401 2049 1596 2093 oratione
1628 2062 1727 2092 con-

183 2131 307 2174 tinua
336 2128 458 2187 apud
487 2128 829 2187 Aristophanem
859 2130 963 2172 satis
1001 2129 1254 2187 frequenter
1282 2134 1519 2186 apparent,
1551 2128 1607 2173 de
1638 2144 1725 2187 quo

185 2225 267 2254 usu
297 2209 437 2254 verba
466 2209 573 2253 fecit
601 2209 876 2267 Hartungius
908 2209 1040 2265 (Part.
1061 2209 1121 2253 II.
1149 2209 1251 2252 399.
1282 2213 1366 2267 sq.)
1397 2208 1603 2269 exempla
1625 2209 1726 2254 affe—

185 2305 286 2335 rens
316 2305 340 2333 e
370 2289 585 2346 Tragicis,
625 2289 785 2347 quibus
815 2289 924 2345 addi
965 2295 1109 2347 potest
1155 2290 1409 2347 exemplum
1425 2288 1726 2333 'Pindaricum

186 2371 259 2428 (Ol
289 2371 325 2414 Ι.
360 2371 472 2427 111).
516 2372 622 2413 Μέν
652 2368 736 2412 οὖν
766 2369 1011 2429 particulae
1041 2370 1105 2415 ita
1135 2375 1370 2429 ponuntur,
1400 2370 1438 2413 si
1465 2369 1725 2415 sententiam

186 2452 378 2510 aliquam
409 2449 581 2509 longius
602 2457 911 2509 persecuturus
942 2456 1007 2495 est
1021 2456 1187 2507 auctor,
1219 2455 1295 2494 aut
1306 2449 1528 2508 affirmans
1556 2455 1726 2494 antece-

187 2533 348 2586 dentia,
380 2538 456 2575 aut
486 2530 791 2589 gradationem
816 2531 1010 2575 inferens
1040 2536 1116 2574 aut
1146 2531 1383 2588 corrigens.
1396 2529 1624 2574 Invenitur
1653 2529 1727 2575 hie

188 2628 291 2657 usus
321 2612 441 2670 apud
471 2611 813 2670 Aristophanem
850 2612 934 2670 Eq.
966 2611 1069 2655 475.
1110 2609 1227 2655 Nub.
1261 2611 1333 2654 71.
1376 2611 1482 2656 Pac.
1513 2609 1615 2653 328.
1643 2608 1724 2652 Av.

187 2692 291 2738 285.
321 2692 421 2736 376.
461 2692 566 2751 Lys.
613 2693 712 2736 718.
758 2693 937 2739 Thesm.
978 2691 1078 2737 206.
1125 2691 1235 2735 Ran.
1278 2690 1407 2735 1279.
1441 2689 1569 2745 1422.
1602 2687 1724 2737 Ecol.

190 2775 287 2822 180.
323 2773 424 2818 706.
455 2773 571 2819 Plut.
616 2775 683 2818 18.
718 2774 901 2819 Restant
936 2773 1022 2818 loci
1064 2772 1142 2820 ubi
1179 2771 1407 2831 particulis
1435 2772 1530 2838 usu
1549 2767 1631 2815 οὖν
1659 2784 1726 2819 re·
