1920 3109
915 66 969 111 15

174 198 330 244 bimus.
388 195 537 241 Etiam
566 191 815 239 numeralia
845 205 926 250 per
954 186 1216 250 particulam
1244 186 1328 242 μέν
1357 191 1487 233 aucta
1516 185 1712 230 invenies

175 279 279 323 Pac.
308 292 350 320 v.
386 276 437 320 13
468 275 573 332 Lys.
603 274 702 318 641.
745 286 832 332 quo
863 270 1043 330 quidem
1074 268 1171 313 loco
1204 267 1357 311 ultimo
1386 268 1585 325 sequitur
1612 280 1712 325 par-

175 357 311 402 ticula
347 356 439 399 εϊτα
481 371 533 400 ac
568 356 605 399 si
652 353 961 413 praecessisset
1010 350 1163 406 πρῶτα
1210 349 1305 403 μέν.
1366 348 1476 391 Rau.
1519 363 1566 390 v.·
1596 347 1710 391 1432

174 442 413 498 praeeunte
470 436 628 481 Vossio
671 440 791 479 recte
849 430 1110 476 deleverunt
1154 427 1426 484 Meinekius,
1476 427 1710 484 Bergkius,

174 518 384 564 Kockius.

290 597 496 654 Denique
538 594 677 639 verba
711 593 929 653 particula
966 592 1050 648 μέν
1096 590 1357 644 efferuntur,
1402 594 1452 632 ut
1480 588 1589 632 Ach.
1621 587 1709 633 509

174 677 252 722 ubi
280 678 364 732 μέν
392 675 633 720 solitarium
662 675 853 734 pertinet
883 672 942 717 ad
972 686 1127 716 vocem
1156 671 1284 726 μισῶ,
1316 667 1435 728 (111οᾶ
1452 683 1558 712 vero
1577 683 1709 712 versu

173 759 261 802 513
291 757 450 815 legitur
478 754 590 813 α’τοὶρ
620 770 708 799 11011
737 754 795 799 ad
823 754 908 808 μέν
936 753 1127 811 respicit,
1158 750 1238 795 sed
1268 750 1326 793 ad
1353 750 1499 794 omnia
1521 764 1634 808 quae
1658 765 1710 793 00

172 852 309 896 usque
338 835 601 895 protulerat,
643 849 755 892 quae
798 832 1159 892 recapitulatione
1200 831 1325 889 quasi
1372 829 1562 888 quadam
1593 830 1711 874 facta

174 931 290 961 1111110
321 914 543 959 concludit
573 914 627 958 de
659 929 745 972 quo
774 929 856 957 usu
886 913 1001 956 infra
1030 911 1302 968 videbimus;
1332 910 1437 954 Pac.
1466 925 1509 953 V.
1527 909 1600 965 47,
1616 909 1709 953 -ubi

172 995 333 1053 legitur
363 995 500 1038 δοκέω
519 996 622 1051 μέν,
664 1009 776 1052 quae
818 993 995 1036 dicendi
1030 992 1218 1035 formula
1247 990 1377 1050 plane
1410 989 1608 1048 ejusdem
1638 1004 1712 1046 ge-

172 1076 290 1119 neris
319 1081 385 1119 est
412 1080 543 1133 atque
572 1072 687 1123 εῑκὸς
714 1074 796 1128 μὲν
826 1072 949 1128 οἶμαι
977 1072 1081 1128 μὲν,
1121 1069 1242 1113 δοκεῖ
1277 1071 1360 1125 μὲν
1392 1075 1436 1113 et
1465 1084 1578 1129 quae
1609 1076 1710 1113 sunt

172 1156 332 1200 similia
371 1171 483 1215 quae
522 1154 643 1214 apud
674 1154 1014 1212 Aristophanem
1056 1168 1146 1197 11011
1189 1151 1412 1210 leguntur,
1441 1152 1545 1197 Pac.
1577 1167 1618 1196 v.
1649 1152 1707 1195 47

175 1235 289 1288 dico,
322 1236 358 1278 si
377 1234 664 1279 Stallbaumio
695 1232 967 1277 credendum
998 1237 1112 1275 esset
1143 1232 1218 1288 (cf.
1242 1230 1397 1275 Stallb.
1429 1231 1488 1275 ad
1511 1232 1644 1290 Resp.
1670 1232 1707 1275 Ι.

172 1314 261 1358 334
283 1313 334 1358 Ο.
380 1314 458 1357 IV.
488 1313 576 1356 423
595 1313 664 1368 Β.)
699 1318 818 1356 certe
849 1311 1045 1370 suppleri
1077 1310 1259 1355 deberet
1289 1311 1523 1369 cogitando
1555 1313 1711 1367 σαφῶς

174 1390 284 1437 δόϋκ
313 1392 429 1449 οῖδα,
458 1393 508 1436 id
539 1392 657 1452 quod
686 1392 866 1436 minime
888 1397 953 1435 est
970 1392 1278 1447 necessarium,
1309 1391 1491 1436 simulac
1508 1397 1710 1436 tenemus

171 1474 255 1527 μέν
284 1473 549 1524 affirmative
572 1473 679 1531 poni
706 1486 835 1530 posse
872 1486 961 1515 non
990 1470 1284 1530 respondente
1315 1470 1367 1513 δέ
1372 1490 1390 1524 ,·
1430 1486 1567 1530 ,porro
1596 1472 1708 1516 Rau.

172 1552 282 1609 866,
318 1552 396 1597 ubi
427 1557 579 1597 contra
608 1567 736 1596 usum
766 1551 925 1596 comici
952 1551 1036 1606 μὲν
1065 1549 1124 1593 ἄν
1151 1550 1404 1595 Brunckius
1432 1551 1581 1610 legere
1610 1568 1710 1612 pro·

171 1633 326 1696 posqit,
356 1632 465 1676 ibid.
495 1648 536 1675 v.
571 1632 710 1688 1184,
740 1646 826 1690 quo
860 1631 957 1674 loco
987 1631 1204 1675 infinitivo
1241 1634 1382 1688 φῦναι
1411 1646 1503 1676 vox
1530 1634 1615 1688 μέν
1644 1634 1707 1677 ita

154 1711 363 1767 additur,
394 1717 444 1754 ut
458 1710 587 1754 simul
602 1711 664 1753 eis
679 1725 792 1768 quae
813 1710 1079 1754 antecedunt
1096 1710 1219 1754 aliud
1236 1711 1342 1769 quid
1361 1718 1564 1770 opponat,
1586 1712 1707 1756 deni-

173 1806 258 1850 que
272 1791 386 1835 Plut.
402 1790 503 1834 234.
549 1790 651 1834 Huc
665 1805 771 1847 vero
792 1790 925 1833 liceat
936 1790 1113 1833 trahere
1130 1790 1211 1833 Av.
1229 1790 1344 1833 1214
1359 1806 1445 1849 quo
1466 1807 1554 1835 uno
1575 1808 1709 1837 versu

170 1871 289 1929 apud
304 1870 643 1928 Aristophanem
663 1871 747 1925 μέν
770 1870 932 1927 legitur
954 1871 1002 1913 in
1018 1871 1374 1927 interrogatione.
1418 1871 1570 1916 Verba
1584 1877 1707 1916 sunt:

171 1952 343 1993 Πειθε
371 1947 464 1993 ουίι
482 1949 684 2004 ἔλαβες.
736 1949 866 2008 Ἰρις
883 1949 1032 2002 &rade
1044 1964 1151 2000 νεις
1167 1951 1289 2005 μένς
1318 1949 1418 1993 κτὲ.
1433 1966 1520 2010 (1110
1536 1951 1706 1996 (101000

160 2019 306 2090 'atque
335 2044 418 2074 usu
449 2028 624 2073 diversa
653 2029 929 2088 protulerunt
957 2029 1196 2074 Elmsleius·
1221 2029 1280 2073 ad
1299 2030 1405 2074 Eur.
1435 2030 1556 2074 Med.
1594 2031 1706 2076 1098

173 2117 217 2154 et
246 2111 528 2153 Hermannus
570 2111 615 2153 in
660 2124 845 2154 censura
874 2110 1060 2154 Medeae
1102 2110 1159 2155 ab
1200 2110 1410 2154 Elmsleio
1451 2110 1597 2155 editae
1629 2110 1705 2169 (cf.

172 2190 324 2233 Herm.
369 2189 428 2233 ad
470 2189 636 2233 calcem
683 2188 752 2232 ed.
787 2188 908 2238 Med.
937 2189 1088 2233 Elmsl.
1131 2190 1253 2249 Lips.
1292 2206 1334 2249 p.
1365 2190 1466 2248 387)
1517 2206 1707 2250 (1110011111

172 2269 388 2314 consentit
403 2268 695 2313 Buttmannus
726 2268 783 2312 ad
809 2269 920 2313 Plat.
950 2270 1068 2313 Men.
1090 2286 1131 2329 p.
1164 2271 1221 2314 82
1252 2271 1303 2314 Β.
1335 2286 1468 2329 (11111111
1498 2271 1709 2317 Elmsleio

170 2350 314 2393 socius
358 2349 577 2393 exstiterit
619 2348 771 2393 Stallb.
812 2348 871 2393 ad
901 2349 1001 2394 Plat
1029 2350 1146 2394 Men.
1187 2367 1231 2410 p.
1281 2351 1339 2395 82
1369 2351 1422 2395 Β.
1505 2352 1708 2411 Longum

168 2434 233 2473 est
264 2427 459 2473 diversas
490 2428 688 2488 proferre
719 2430 975 2485 sententias,
1017 2429 1207 2474 sufficiat
1245 2429 1410 2475 dixisse
1445 2431 1538 2475 sine
1569 2431 1708 2476 dubio

167 2515 287 2553 recte
318 2509 518 2552 statuisse
548 2509 869 2565 Hermannum,
902 2523 1037 2567 quum
1070 2510 1189 2553 dicat
1217 2525 1292 2554 eos
1322 2512 1398 2569 qui
1437 2512 1708 2568 interrogent

164 2597 214 2637 ut
251 2591 335 2634 hoc
373 2590 469 2634 loco
517 2590 761 2648 interrogat
804 2590 890 2635 Iris
926 2606 1014 2635 non
1056 2606 1109 2634 ea
1149 2592 1319 2636 ratione
1349 2593 1622 2651 interrogare
1659 2600 1707 2638 ut

164 2672 302 2716 nescii
331 2672 417 2715 sint
445 2676 590 2714 utrum
621 2671 677 2714 sit
706 2670 876 2729 aliquid
906 2686 1067 2728 1100110,
1096 2671 1173 2715 sed
1204 2673 1268 2716 ita
1296 2673 1465 2731 potius,
1497 2679 1546 2716 ut
1576 2674 1708 2731 signi-

164 2751 296 2795 ficent
339 2752 510 2811 opinari
548 2766 595 2794 se
637 2750 747 2794 illud
778 2751 833 2794 (10
864 2767 950 2810 (1110
995 2754 1284 2812 interrogant3
1320 2755 1383 2797 ita
1411 2738 1460 2799 ut
1488 2770 1574 2799 non
1606 2770 1706 2797 cum
