1920 3109
207 208 361 253 dentes
392 209 577 253 orationi
609 204 673 253 ut·
688 214 862 253 vertere
893 210 1035 268 possis
1064 214 1127 254 at:
1153 210 1334 265 ’ἰρίίαν-,ν
1356 217 1630 271 quamquam.
1643 219 1753 261 con-

204 287 452 331 cedendum
484 295 551 332 est
579 289 697 333 hanc
724 289 1049 347 conclusionem
1071 302 1159 334 non
1190 295 1434 350 tanwpem
1451 293 1600 350 urgeri
1632 292 1751 351 quod

204 375 254 413 ut
283 369 361 413 fiat
397 370 663 429 apponenda
705 377 801 415 erat
843 382 947 415 vox.
978 368 1219 429 offujquae
1265 371 1385 430 apud
1418 373 1751 432 Aristophanem

205 461 306 495 cum
338 465 449 494 voce
480 448 594 505 α’τάρ
641 452 878 510 conjuncta
899 466 1008 495 non
1046 451 1222 510 legitur.
1284 451 1425 497 Porro
1470 453 1753 499 conferantur

205 530 382 576 Thesm.
420 532 545 575 1119.
576 523 699 576 Eccl.
734 532 845 576 1067
879 539 923 577 et
952 533 1035 592 Eq.
1055 533 1216 576 v.v11-1.
1249 533 1368 577 Nub.
1387 533 1475 578 382
1495 521 1591 592 quo
1621 539 1759 579 versu

202 627 285 671 per
313 613 577 671 particulam
610 612 722 669 02de
755 613 1049 672 Strepsiades‚
1080 613 1342 672 objectionis
1372 613 1513 657 forma
1545 629 1663 671 usus,
1693 613 1751 658 ad

204 693 398 737 tonitrua
427 695 680 751 revertitur,
712 700 843 738 antea
873 710 901 738 a
921 694 1103 739 Socrate
1118 695 1303 739 meliora
1330 694 1523 739 nondum
1558 695 1750 739 edoctus.

204 774 340 833 Apud
368 775 654 833 imperativos
686 774 847 818 deinde
878 773 992 832 α’τοίρ
1024 775 1182 820 eodem
1212 775 1344 820 modo
1368 782 1501 834 atque
1521 790 1611 821 vox
1629 773 1752 832 a’uq'

203 854 366 913 legitur
395 854 481 899 Av.
513 855 613 899 648.
646 855 760 899 Plut.
795 856 880 899 749
912 856 990 900 ubi
1020 871 1110 900 non
1142 862 1233 901 tam
1265 857 1585 917 oppositionem
1607 856 1751 913 insert,

205 952 338 997 quam
367 937 598 981 transitum
630 937 750 983 facit.
772 936 907 996 Vesp.
937 952 981 981 v.
1012 938 1112 990 652,
1127 939 1276 982 nescio
1306 954 1363 981 an
1382 939 1439 982 in
1466 953 1598 982 versu
1626 952 1752 996 paro-

206 1018 308 1062 dico
341 1033 430 1062 non
469 1033 572 1061 cum
601 1018 712 1061 Rav.
756 1016 853 1059 ἀλλ’
886 1015 922 1060 αἶ
962 1017 1199 1077 legendum
1239 1020 1296 1063 sit
1335 1034 1418 1079 pro
1450 1017 1562 1075 α’τιίρ
1608 1015 1644 1076 ὦ
1680 1016 1749 1072 (cf.

203 1098 330 1156 Pors-
360 1099 506 1143 Praef.
551 1098 610 1143 ad
648 1099 756 1143 Eur.
802 1100 975 1144 Hecub.
1009 1116 1052 1159 p.
1098 1100 1247 1158 LVI.).
1310 1100 1504 1157 Tragico
1546 1097 1749 1158 quodam,

206 1185 255 1223 ut
285 1180 348 1223 ita
380 1178 548 1235 dicam,
590 1180 724 1224 modo
763 1180 982 1239 particula
1013 1178 1156 1237 ἀτάρ,
1200 1172 1302 1224 cum
1330 1181 1512 1224 notione.
1557 1179 1750 1238 quadam

203 1260 784 1317 conclusionis,·consilium-
804 1260 1028 1320 quoddam
1059 1265 1229 1305 certum
1250 1260 1468 1319 loquentis
1497 1259 1631 1303 infert
1647 1259 1750 1318 Lys.

201 1340 308 1387 420.
365 1343 476 1386 Ran.
512 1342 598 1385 160
629 1342 891 1400 quibuscum
936 1340 1271 1400 conjungendus
1303 1340 1529 1385 est-Nub..
1552 1339 1660 1396 761,
1690 1338 1749 1386 ad

204 1437 336 1481 quem
368 1438 541 1468 versum
583 1422 814 1467 adnotavit
845 1422 1143 1482 Hermannus:
1192 1423 1307 1482 „Ne
1332 1423 1431 1477 quis
1471 1424 1598 1476 forte⁴
1614 1424 1752 1478 :putet

201 1505 337 1550 verba
368 1502 482 1562 ἆτ’ὰρ
514 1502 713 1562 ζητητέον·
738 1503 917 1548 Socrati
942 1504 1109 1559 potius
1148 1517 1281 1559 quam
1311 1502 1748 1562 Strepsiadi-sowe—

202 1586 321 1638 nire,
359 1586 607 1629 meminerit
636 1586 783 1639 velim,
802 1585 1080 1629 alacriorem
1124 1584 1463 1639 approbatione·
1479 1582 1678 1631 Socratis
1707 1587 1749 1627 et

204 1665 560 1721 confidentiorem
588 1667 758 1721 factum
788 1679 878 1710 esse
907 1664 1221 1720 Strepsiadem.
1278 1664 1467 1717 Accedit
1506 1664 1632 1708 aliud
1670 1664 1752 1708 mi-

206 1747 324 1792 nime
364 1747 699 1804 neyliyendumz*
716 1748 837 1791 Nam
861 1744 1245 1803 particulae-&vde
1266 1760 1319 1789 ea
1348 1746 1465 1789 ratio
1486 1745 1562 1797 est,
1596 1750 1747 1790 utnon

202 1828 566 1884 quemadmodum
596 1825 718 1870 ἄλλά
748 1827 880 1872 otiam
902 1827 968 1871 ad⁴
991 1826 1452 1882 respondendum'alii
1474 1826 1749 1882 adhibeatur,

203 1911 282 1956 sed
310 1911 535 1967 referatur
565 1910 626 1954 ad
650 1910 799 1966 ipsius
817 1909 894 1965 qui
916 1907 1751 1965 loquitur1verbaprae9ressa.ondem

203 1992 337 2038 modo
367 1999 466 2052 post
496 1991 576 2034 οὐκ
606 1990 711 2034 οἶδα
742 1990 860 2035 Nub.
890 1990 980 2034 403
1009 1989 1174 2047 legitur
1203 1987 1331 2045 α’τυὶρ.

322 2074 464 2118 Porro
505 2067 725 2132 particula
764 2070 890 2127 ἀτᾶρ-
916 2077 967 2115 ut
987 2070 1187 2125 ‚omnino
1228 2069 1285 2114 ab
1331 2070 1515 2113 atticae
1540 2068 1751 2117 orationis

202 2154 505 2214 scriptoribus·
533 2154 595 2196 ita
636 2153 769 2196 etiam
814 2151 874 2196 ab
905 2149 1202 2210 Aristophane
1245 2151 1292 2193 in
1331 2149 1750 2208 interrogationibus

202 2236 265 2280 ita
295 2235 497 2280 adhibita
529 2240 607 2291 est,
636 2240 687 2278 ut
718 2249 818 2278 cum
847 2232 997 2292 aliqua
1010 2232 1258 2276 'vivacitate
1288 2232 1327 2275 is
1349 2232 1424 2291 qui
1438 2230 1635 2290 loquitur
1652 2246 1748 2275 rem

205 2317 261 2362 de
292 2332 379 2376 qua
410 2316 726 2360 sermocinatus
757 2321 864 2371 erat,
898 2313 1093 2367 dimittat
1121 2318 1166 2356 et
1194 2327 1355 2356 novam
1378 2311 1610 2371 quandam
1633 2312 1749 2368 cogi-

202 2399 416 2444 tationem
449 2399 511 2442 eis
541 2398 617 2457 qui
649 2395 919 2442 antecedunt
948 2395 1154 2455 opponat.
1219 2393 1465 2452 Oppositiol
1497 2394 1544 2436 in
1589 2391 1750 2437 talibus

203 2487 280 2526 aut
304 2480 360 2525 fit
389 2484 543 2524 contra
572 2478 712 2523 verba
743 2477 853 2521 alius
873 2476 1116 2535 cujusdam,
1147 2476 1224 2535 qui
1248 2474 1418 2519 locutus
1439 2480 1545 2532 erat,
1576 2481 1625 2519 ut
1638 2472 1749 2518 Ach.

202 2564 291 2607 412
323 2568 401 2606 aut
429 2561 538 2620 ipsis
568 2560 721 2604 verbis
751 2558 822 2602 vel
855 2557 1196 2616 cogitationibus
1227 2557 1320 2615 ejus
1352 2557 1427 2615 qui
1451 2556 1646 2615 loquitur
1675 2554 1751 2598 ali-

203 2643 311 2704 quid
344 2642 604 2704 opponitur,
643 2646 693 2685 ut
727 2640 788 2701 *fit
817 2638 937 2684 Nub.
979 2654 1023 2682 v.
1054 2638 1126 2683 30.
1168 2638 1379 2684 Ceterum
1426 2636 1481 2682 de
1520 2636 1640 2681 omni
1669 2635 1752 2680 hoc

203 2742 286 2771 usu
331 2724 575 2785 particulae
607 2723 900 2776 *conferantur
941 2720 1051 2765 Ach.
1089 2720 1191 2765 412.
1236 2720 1338 2764 513.
1386 2719 1503 2764 Nub.
1534 2719 1606 2762 30.
1656 2717 1752 2762 187.

204 2807 306 2852 675.
370 2807 504 2865 Vesp.
536 2804 637 2849 529.
669 2804 771 2848 815.
806 2805 885 2847 Av.
917 2802 988 2846 69.
1021 2801 1119 2859 (ubi
1151 2807 1271 2846 recte
1303 2801 1409 2845 Rav.
1444 2798 1557 2857 ἀτὰρ
1589 2797 1640 2842 σύ
1670 2812 1752 2858 pro
