1920 3109
937 98 997 147 61>

194 225 625 286 relatiwwp‘artieula‘
645 226 710 284 ’δή
739 224 876 274 auotd
887 221 1032 270 inesse
1053 220 1279 271 notionem
1292 218 1585 290 reifonmibus
1606 232 1735 271 notae

194 303 931 364 monuit·‘Krussg÷2rus-ads'12¹hucyd
975 298 1253 349 11.110‘2.³4-.2
1613 312 1617 317 “

209 424 211 428 ,
234 385 244 395 ’
287 388 609 444 ,ῑΒθεὺειῑιιὲΡαμ
627 388 739 431 1273
755 388 1114 446 quem-praeterii
1129 388 1348 445 nonquod
1371 400 1454 431 usu
1467 379 1733 442 differ-used

197 469 307 527 quia¹
332 484 388 519 ex
418 468 604 514 Homeri
649 468 809 512 Iliade.
830 467 1090 526 desumptus
1129 474 1197 511 'est
1256 467 1323 525 (cf.
1353 468 1414 511 ‘Ik
1445 467 1575 512 XXI.
1616 468 1733 523 448),

197 556 240 593 et
268 551 378 594 Rau
408 549 621 606 77³1<s2ubi
644 564 802 608 >parum
833 555 953 593 reete
975 547 1322 606 vulgatumd'w
1342 548 1399 605 δή
1428 548 1732 592 a--Frit-zsehio

194 628 339 674 indus
370 628 506 686 δ’-οῦν,
534 630 904 685 aMeinekioin
927 627 1102 672 ssezsffl-
1140 642 1240 673 cum
1283 628 1413 673 co'dd.·
1455 628 1582 673 Cant.
1620 628 1654 672 Ι.
1687 634 1731 671 et

197 711 374 770 Harlej..
398 717 613 762 mutatum
659 712 819 755 inveni.
881 712 1046 768 Negari
1068 710 1194 753 ,illud
1234 710 1412 768 quidem
1451 725 1539 753 non
1578 716 1734 768 potest,

197 792 266 834 ὅτε
297 792 346 834 δέ
379 794 540 852 optime
572 809 697 852 posse
730 793 848 845 ferri,
881 809 1014 851 quum
1058 793 1308 836 notissimus
1346 793 1402 835 sit
1440 808 1542 836 usus
1569 804 1650 850 per
1680 790 1731 833 δέ

195 875 435 918 orationem
472 874 757 918 continuandi
797 875 995 928 „etiamsi
1035 888 1087 917 ea
1127 874 1317 917 alterius,
1358 873 1490 916 dictis
1528 873 1733 927 mterpel-

195 956 290 998 lata
314 956 480 1010 fuerit“
512 954 588 1013 (ef.
619 956 768 998 Herm.
800 955 868 999 ad»
886 955 1037 1013 Viger.
1071 971 1114 1013 p.
1150 956 1263 1010 843).
1326 954 1459 998 Adde
1490 954 1607 1012 quod
1639 964 1731 997 om·

194 1037 298 1080 nino
328 1034 385 1093 δή
417 1035 541 1080 etzda
571 1036 813 1095 particulae
849 1047 983 1095 saepe
1015 1040 1337 1080 commutantur
1366 1035 1434 1092 (cf.
1476 1035 1641 1081 Jacobs
1673 1035 1730 1078 ad

197 1117 356 1160 Achill.
389 1117 498 1160 T-ata
522 1133 565 1176 p.
608 1117 707 1161 738.
741 1117 1007 1160 Schemann.
1045 1117 1115 1160 ad.
1158 1118 1332 1160 Isaeum
1372 1132 1415 1175 p.
1458 1117 1578 1174 324).
1640 1116 1730 1160 Sed

194 1197 297 1240 inde
329 1213 416 1241 non
434 1197 649 1253 ,efficit-ur,
676 1197 760 1241 hoc
791 1197 887 1240 loco
918 1197 1157 1253 vulgatam·
1175 1197 1280 1239 ferri
1311 1196 1398 1240 nen
1421 1212 1562 1254 posse,
1593 1211 1730 1255 quum

194 1279 357 1337 optime
387 1278 563 1336 fingere
583 1272 723 1336 pessis
744 1284 844 1336 post
874 1277 1027 1320 w'HO
1052 1277 1248 1320 Aeacum
1276 1278 1477 1332 tacuisse,
1507 1276 1731 1320 Xanthiae

192 1373 298 1402 vero
330 1358 670 1416 interrogatiOne
701 1358 973 1402 admonitum
1004 1360 1067 1401 ita
1097 1360 1361 1417 perrexisse,
1402 1357 1629 1401 ut'verbis
1659 1356 1726 1399 ὄπ

193 1439 249 1496 δή
289 1439 435 1484 denuo
474 1441 597 1498 quasi
640 1440 866 1499 inciperet.
928 1438 1054 1495 Quae
1094 1455 1230 1498 quum
1277 1441 1358 1489 ita
1380 1441 1466 1483 sint
1484 1466 1490 1471 —
1507 1437 1729 1483 Kockium

191 1520 423 1565 lectionem
477 1521 698 1579 vulgatam
750 1536 988 1565 revocasse·
1026 1523 1203 1579 gavisus
1249 1532 1355 1565 sum.
1428 1522 1573 1579 Atque
1611 1519 1730 1578 quod

191 1602 309 1660 apud
342 1603 583 1645 Homerum
617 1603 791 1660 saepius
821 1602 981 1660 legitur
1004 1601 1084 1644 ’ὅτε
1115 1601 1181 1659 δή,
1229 1592 1277 1645 id
1324 1602 1442 1661 apud
1475 1601 1729 1660 Aristopha-

190 1696 291 1725 nem
322 1681 483 1726 frustra
513 1696 711 1741 quaeras.
773 1682 1004 1740 Leguntur
1036 1684 1151 1725 enim
1183 1694 1324 1726 voees·
1359 1682 1454 1724 τότε
1501 1682 1558 1739 δή
1598 1683 1730 1724 certis

191 1764 296 1807 locis
338 1764 478 1822 apud1
503 1765 740 1820 comicum,
785 1779 971 1822 quorum
1012 1780 1119 1808 vero
1161 1764 1356 1808 locorum
1402 1778 1514 1809 unus
1559 1770 1729 1808 tan'tum

192 1860 318 1889 usum
351 1845 532 1888 exhibet
560 1843 820 1901 Atticorum,
854 1844 1008 1904 reliqui
1040 1860 1121 1904 per
1151 1845 1381 1904 perediam
1423 1860 1547 1889 usum
1581 1844 1728 1889 home·

190 1926 330 1968 ricum
369 1931 611 1968 monstrant
620 1955 642 1980 ,-
672 1938 805 1983 quum
849 1940 905 1968 ex
949 1926 1137 1969 oraculis
1179 1926 1399 1984 desumpti
1437 1927 1535 1969 sint.
1618 1926 1727 1970 Loci

189 2012 288 2050 sunt
318 2005 401 2049 Av.
422 2006 521 2049 985.
554 2006 635 2063 Eq.
657 2005 754 2061 199,
785 2006 830 2049 in
860 2006 1135 2064 quibus·nisi
1160 2007 1255 2065 jam
1286 2015 1474 2050 metrum
1493 1999 1724 2065 parodiam

187 2086 406 2130 indicaret
434 2092 552 2131 certe
582 2086 695 2130 male
727 2102 805 2131 nos
837 2087 1020 2131 haberet
1049 2087 1169 2147 apud
1200 2088 1397 2133 Atticum
1430 2087 1485 2146 δή
1519 2089 1566 2133 in
1590 2103 1725 2133 mem-

187 2167 256 2210 bri
286 2167 431 2210 initim
487 2167 617 2211 Hunc
649 2169 771 2210 enim.
795 2183 920 2211 usum
952 2167 1223 2213 homericum
1262 2183 1357 2213 esse
1384 2170 1477 2228 jam
1508 2171 1623 2213 inter
1652 2184 1724 2213 ve-

185 2253 301 2290 teres
332 2248 571 2303 constabat,
601 2253 651 2291 ut
679 2254 801 2306 patet
832 2263 890 2291 ex
919 2248 1139 2300 Eustathii
1172 2250 1319 2294 verbis
1361 2250 1420 2294 ad
1458 2250 1570 2294 Iliad
1614 2252 1648 2292 έ.
1679 2267 1721 2294 v.

190 2328 293 2371 136:
333 2326 557 2381 πολλαχοῦ
588 2327 670 2383 γὰρ
703 2328 814 2369 κατὰ
844 2328 1047 2381 γλῶσσαν
1077 2329 1100 2371 ὅ
1144 2331 1321 2387 ποιητὴς
1341 2360 1345 2366 Α
1364 2330 1410 2372 τὰ
1453 2330 1511 2387 δή
1548 2333 1723 2388 τίθησιν

184 2406 233 2448 ἓν
247 2410 439 2464 καταρχῇ
470 2407 669 2462 ἐννοιῶν,
704 2406 830 2458 ὅτυῖς
858 2408 1169 2463 maiomam
1185 2409 1409 2468 οἷσύνηθές
1426 2411 1552 2466 ἐστιν,
1591 2427 1720 2470 quem

182 2484 518 2548 grammaticum
547 2497 755 2549 sequutus
787 2491 1073 2551 est‘Vigerus
1104 2509 1146 2552 p.
1178 2493 1266 2537 495
1295 2493 1372 2538 ubi
1402 2492 1582 2538 adnotat
1610 2493 1721 2537 Her-

182 2583 376 2626 mannus,
408 2570 463 2627 δή
494 2586 549 2613 ne
579 2572 623 2613 in
655 2572 856 2616 versibus
901 2574 1080 2632 quidem
1120 2574 1239 2632 apud
1271 2574 1442 2618 Atticos
1483 2577 1719 2633 praemitti,

181 2653 227 2696 id
260 2651 376 2711 quod
406 2653 626 2695 neminem
670 2654 830 2697 mirum
865 2656 1034 2713 poterit
1073 2654 1259 2711 habere,
1302 2671 1435 2714 quum
1467 2671 1523 2698 ex
1562 2657 1715 2701 eodem

179 2732 252 2776 illo
285 2733 511 2777 Eustathio
544 2740 815 2791 compertum
847 2735 1098 2791 habeamus,
1131 2751 1226 2779 eam
1260 2736 1313 2778 de
1346 2752 1432 2794 qua
1456 2738 1626 2794 agimus
1658 2737 1716 2780 lo·

180 2814 398 2857 cntionem
430 2817 642 2872 ionicam,
674 2822 716 2859 et
747 2816 887 2860 Mileti
919 2817 1095 2875 quidem
1139 2819 1338 2862 usitatam
1383 2818 1528 2862 fuisse.
1592 2819 1717 2862 Dicit
