1920 3109
916 83 969 126 17

168 210 264 258 tius·
285 209 547 258 sententiam·
577 209 717 267 ipsam
748 205 949 265 spectari.
1013 202 1147 262 Vesp.
1163 195 1293 246 *enim
1317 218 1357 268 y.
1381 202 1467 249 765
1497 217 1584 246 non
1616 208 1705 247 tam

168 290 409 333 sententiae
441 303 571 347 quam
600 289 722 331 vocis
752 285 889 328 ἐκεῖσε
918 290 963 327 et
989 282 1157 326 ἐνθαδί
1186 283 1271 331 sibi
1302 290 1606 341 opponuntur,
1638 298 1708 327 eo·

169 369 359 428 demque
385 368 515 413 modo
534 367 666 426 Vesp.
688 366 801 412 1018
816 364 955 409 verba
976 362 1031 407 οὐ
1047 365 1251 420 φανερῶς
1263 369 1316 408 et
1329 362 1537 430 κρύβδην,
1570 364 1706 423 Vesp.

167 441 259 494 482
291 451 374 493 νῦν
404 455 448 494 et
478 448 585 492 ὅταν
603 447 689 491 sibi
713 444 995 505 respondent.
1056 411 1411 487 Affisententiam
1431 445 1572 502 magis
1587 459 1708 503 spec-

169 536 264 576 tant
292 529 532 589 particulae
562 527 673 572 Aah.
704 527 814 583 653,
855 525 933 570 ubi
972 531 1075 568 nota
1114 525 1356 583 speciosam
1394 524 1480 569 loci
1507 524 1710 569 anacolu-

170 608 334 664 thiam,
365 608 496 667 Vesp.
527 608 585 650 74
622 607 701 651 ubi
741 605 960 665 oppositio
995 619 1077 662 per
1108 601 1226 645 α’λλά
1257 603 1507 650 introducta
1534 605 1592 649 ab
1622 604 1710 650 alia

172 704 362 746 persona
378 689 697 747 pronuntiatur,
728 686 775 730 id
806 685 928 744 quod
958 684 1114 728 eodem
1144 683 1278 728 modo
1309 684 1359 727 fit
1376 684 1481 727 Pac.
1503 700 1546 727 v.
1577 686 1707 741 1256,

173 767 307 826 Vesp.
335 767 436 823 316,
465 766 543 811 ubi
570 765 726 810 addita
754 763 973 824 particula
1000 763 1087 819 γάρ
1119 777 1296 807 causam
1325 762 1453 807 affert
1482 764 1604 808 vocis
1633 767 1709 822 τή-

170 861 326 902 κομαι,
354 847 459 890 Pac.
485 846 599 891 1226
629 846 707 889 ubi
736 851 842 889 nota
871 844 1206 902 grammaticam
1237 844 1450 886 enuntiati
1481 859 1561 902 per
1587 841 1714 887 ἄλλά

171 927 410 975 introducti
454 925 661 981 formam3
702 926 784 970 Av.
818 925 956 981 1118,
991 923 1107 969 1364
1152 922 1231 968 ubi
1275 922 1545 982 respondens
1585 924 1709 968 ἄλλοί

173 1005 305 1052 versu
332 1007 511 1058 tandem
544 1007 658 1050 1368
688 1001 862 1063 legitur,
894 1005 1084 1062 denique
1108 1003 1286 1047 Thesm.
1308 1004 1409 1048 383.
1448 1005 1556 1051 Ran.
1581 1007 1709 1052 1374.

172 1088 295 1132 Eccl.
339 1087 439 1130 504.
509 1086 759 1130 Particulae
798 1083 922 1126 ἄλλοί
960 1084 1056 1128 loco
1112 1086 1244 1128 etiam
1287 1084 1449 1142 legitur
1492 1087 1711 1144 particula

171 1182 286 1226 quae
317 1172 388 1227 est
412 1164 525 1221 α’τοίρ
556 1166 676 1224 Vesp
721 1164 809 1208 650
839 1163 914 1221 (cf.
943 1164 1089 1220 infra).

290 1246 495 1303 Denique
526 1246 658 1288 etiam
688 1244 929 1289 notandum
959 1250 1044 1298 est,
1073 1243 1293 1290 nonnullis
1322 1243 1450 1300 locis,
1478 1259 1589 1303 quos
1611 1247 1707 1304 jam

174 1327 220 1371 in
249 1326 435 1373 transitu
471 1324 595 1382 tetigi
643 1323 895 1368 orationem
928 1323 1176 1367 continuari
1204 1337 1286 1382 per
1336 1322 1469 1367 aliam
1514 1331 1710 1371 constru—

170 1398 373 1462 ctionem;
404 1405 528 1463 cujus
550 1405 616 1447 rei
644 1405 869 1461 egregium
902 1410 967 1447 est
997 1403 1249 1462 exemplum
1279 1403 1385 1447 Ach.
1419 1405 1505 1447 136
1535 1420 1600 1463 sq.
1631 1405 1708 1450 ubi
1733 1417 1735 1419 ·

73 1535 77 1538 ,
170 1501 251 1545 pro
282 1501 334 1530 eo
365 1484 483 1543 quod
513 1484 694 1527 fortasse
726 1489 935 1542 expectes
966 1482 1085 1524 ἀλλὰ
1115 1483 1253 1527 habes
1283 1472 1555 1529 enuntiatum
1603 1499 1706 1529 con·

171 1563 392 1609 ditionale.

288 1645 320 1689 J
321 1660 390 1691 am
434 1624 687 1702 priusquam
735 1642 794 1686 ad
833 1657 927 1687 rem
957 1641 1166 1699 accedam
1210 1641 1341 1700 longe
1386 1643 1705 1702 difficillimam,

168 1725 339 1770 scilicet
355 1723 415 1768 ad
445 1721 761 1769 examinandos
790 1722 921 1779 locos,
952 1721 1112 1780 quibus
1141 1721 1225 1765 sibi
1263 1722 1532 1781 respondent
1568 1726 1705 1784 parti-

170 1805 296 1850 culae
325 1802 477 1860 μὲν-δέ
506 1804 660 1861 paucis
692 1801 835 1850 dicam
875 1801 930 1845 de
962 1801 1061 1846 aliis
1104 1801 1330 1860 particulis
1361 1817 1461 1847 cum
1491 1804 1707 1862 particula

166 1885 251 1938 μέν
278 1883 533 1941 conjunctis.

290 1965 432 2023 Atque
461 1963 535 2007 hic
566 1964 755 2021 primum
786 1962 971 2007 notandi
1000 1968 1100 2007 sunt
1129 1962 1236 2019 loci,
1276 1962 1355 2007 ubi
1385 1961 1502 2008 ἀλλὰ
1532 1965 1617 2020 μέν
1646 1965 1705 2009 le-

167 2047 301 2104 gitur,
330 2059 415 2088 non
448 2050 655 2102 sequente
686 2043 748 2099 δέ,
778 2043 827 2087 id
856 2043 975 2101 quod
1007 2042 1221 2102 exemplis
1240 2042 1568 2088 illustraverunt
1609 2044 1704 2103 pla-

168 2127 326 2171 tonicis
338 2123 519 2169 Heindf.
549 2123 607 2168 ad
626 2123 805 2167 Theaet.
835 2140 879 2182 p.
898 2124 980 2167 197
1008 2123 1060 2167 O.
1077 2123 1421 2168 Winckelmann
1446 2123 1505 2168 ad
1521 2124 1704 2169 Theaet.

168 2222 210 2265 p.
244 2206 328 2255 201
346 2205 397 2248 Β.
426 2203 578 2248 Stallb.
609 2202 667 2245 ad
688 2203 885 2260 Euthyd.
925 2203 1010 2247 297
1042 2204 1097 2246 Ε.
1128 2203 1213 2246 His
1246 2218 1352 2247 vero
1382 2203 1490 2247 locis
1513 2210 1702 2263 utraque

169 2284 386 2346 particula
419 2299 544 2329 suam
584 2284 745 2328 retinet
785 2286 1008 2328 notionem
1046 2299 1180 2342 quum
1224 2282 1344 2327 ἄλλά
1380 2286 1703 2344 oppositionem

167 2366 327 2410 inferat
342 2380 493 2409 eorum
525 2379 637 2425 quae
658 2364 934 2420 antecedunt,
966 2366 1049 2419 μέν
1071 2371 1219 2409 autem
1238 2380 1337 2409 eam
1355 2380 1512 2411 vocem
1529 2373 1703 2426 augeat,

167 2460 281 2504 pone
312 2460 444 2504 quam
473 2445 645 2502 legitur.
1286 2491 1289 2496 ,

288 2524 512 2582 Exempla
544 2539 656 2582 quae
688 2524 808 2583 apud
831 2523 1171 2583 Aristophanem
1201 2524 1416 2582 leguntur,
1447 2540 1582 2584 quum
1604 2527 1702 2585 jam

166 2621 303 2666 supra
330 2620 410 2650 suo
432 2594 639 2663 quodque
669 2604 767 2650 loco
797 2604 1092 2662 attulerimus,
1122 2605 1313 2650 sufficiat
1340 2606 1406 2650 rei
1436 2620 1570 2651 causa
1599 2622 1703 2653 enu-

164 2701 367 2731 merasse.
427 2685 614 2744 Legitur
646 2672 875 2741 ana-m
904 2685 988 2742 Ες,
1019 2685 1119 2730 598.
1166 2685 1293 2730 1281.
1325 2685 1457 2745 Vesp.
1492 2686 1562 2730 77.
1596 2688 1699 2732 453.

164 2767 342 2812 Thesm.
375 2767 485 2822 726,
525 2767 623 2812 922.
685 2767 807 2811 Eccl.
851 2767 952 2811 648.
998 2766 1111 2810 Plut.
1150 2766 1250 2812 234.
1311 2765 1434 2828 Idem
1476 2768 1594 2812 valet
1643 2768 1699 2813 de

1366 2850 1391 2890 2
