1920 3109
917 67 978 121 ‘56

174 200 319 249 σιγᾶτε
353 197 408 254 δή
448 199 554 257 Lys.
591 199 708 256 7693
753 198 952 254 πρότεινε
991 198 1196 259 δήκΙιγΒ.
1239 202 1351 257 9413
1399 183 1621 259 πρόφαινε
1642 202 1719 259 δή

174 278 279 334 Lys.
316 279 449 333 12953
495 279 640 335 ἔξαιρε
670 279 728 337 δή
770 281 946 326 Thesm.
981 282 1087 334 9813
1134 281 1314 337 ἔμβαινξ
1353 282 1412 340 δή»
1445 265 1718 337 Βαη..190’;

176 358 436 406 κατακέλευε
469 359 524 416 δή
554 361 664 404 Rau.
684 361 795 409 207;
829 361 898 415 ἔχε
929 360 986 418 δή
1003 362 1125 408 Rau.
1158 362 1258 405 270.
1294 363 1365 419 (of.
1386 363 1479 406 Ast.
1511 364 1582 408 ad.
1602 363 1715 425 Fiat.

177 438 311 497 Gorg.
345 456 387 498 p.
420 440 509 483 460
539 441 596 483 A.
630 441 810 485 Heindf.
828 441 887 485 ad
917 441 1030 485 Plat.
1062 425 1306 502 Protag.·p'.
1339 443 1425 487 349
1472 443 1575 498 D.);
1602 442 1719 488 0²20.-

177 520 341 563 δύεσθε
373 520 430 578 δή
477 522 588 566 Rau.
634 523 746 577 6413
772 523 975 576 ·ἔυχεσ3ε
1016 522 1070 580 δή
1112 524 1222 568 Rau.
1270 524 1379 579 8853
1427 526 1631 579 περιθοῦ·
1662 524 1718 581 δή

176 602 299 645 Eccl.
335 602 441 658 1303
476 603 557 645 His
591 603 698 646 locis
730 604 950 658 omnibus,
990 610 1121 662 prout
1150 604 1421 662 loquentium
1454 606 1626 649 animus
1656 612 1721 649 est

178 689 437 739 commotus,
454 682 509 739 δή
524 697 638 726 nunc
663 686 804 741 magis
832 699 948 727 nunc
966 686 1110 728 minus
1127 685 1251 728 effert
1269 687 1521 744 imperativi
1542 688 1646 742 vim,
1660 688 1722 730 ita

176 768 224 806 ut
235 762 367 805 modo
392 762 550 805 leniter
567 763 841 806 adhortantis
853 766 919 818 sit,
945 768 994 806 ut
1011 780 1048 806 e.
1071 780 1112 821 g.
1135 765 1255 816 Eccl.
1278 766 1369 821 130,
1393 766 1524 815 modo
1556 767 1716 809 iratum

175 843 370 887 animum
404 843 599 888 declaret
629 851 677 888 ut
708 845 816 889 Ran.
853 845 950 900 190,
983 845 1366 903 (cf.Naegelsb.in
1391 861 1487 889 exc.
1504 847 1540 889 I.
1558 847 1615 889 ad
1634 846 1721 889 cal-

180 939 276 967 cem
309 923 409 979 adn,
453 924 508 968 ad
555 925 608 969 Il.
640 941 682 984 p.
713 925 830 981 434).
865 925 1074 970 Ceterum
1101 941 1200 970 cum
1233 926 1470 970 Schaefero
1514 927 1719 986 (Appart.

177 1008 272 1050 crit.
305 1007 363 1050 ad
395 1006 740 1050 Demosthenem
775 1007 858 1050 III.
890 1022 933 1067 p.
975 1007 1070 1062 185)
1110 1008 1356 1050 consentire
1398 1023 1485 1051 non
1532 1024 1721 1066 possum,

177 1088 252 1145 qui
285 1086 394 1135 nihil
425 1088 635 1130 interesse
667 1088 783 1130 inter
813 1089 1057 1146 praesentis
1090 1093 1133 1131 et
1164 1089 1314 1132 aoristi
1347 1089 1655 1146 imperativum
1675 1089 1722 1137 in
1798 1130 1802 1134 .

176 1169 244 1213 his
295 1168 494 1212 formulis
536 1168 666 1225 dicit,
708 1175 862 1213 contra
916 1168 1192 1213 Schemanno
1234 1171 1478 1224 assentior,
1519 1171 1595 1228 qui
1644 1170 1721 1223 (ad

176 1251 351 1293 Isaeum
381 1265 425 1307 p.
458 1250 567 1305 235)
598 1265 864 1307 quamquam
894 1250 1208 1303 tenuissimum,
1253 1256 1402 1294 tamen
1432 1254 1607 1299 certum
1636 1250 1721 1298 dis-

176 1332 345 1374 crimen
374 1332 584 1373 interesse
614 1331 777 1385 statuit,
807 1331 870 1372 ita
901 1336 1049 1382 utnon
1071 1345 1152 1388 pro
1169 1330 1322 1385 lubitu,
1354 1329 1433 1382 sed
1460 1346 1541 1389 pro
1563 1331 1721 1380 affeetu

176 1413 449 1470 loquentium
490 1411 628 1469 possit
666 1412 806 1454 oratio
863 1411 1037 1453 variari.
1111 1411 1431 1468 Gonjunctivus
1469 1413 1720 1471 imperativi

176 1496 346 1554 primae
378 1507 592 1552 personae
635 1491 733 1535 loco
776 1507 874 1536 cum
912 1491 1129 1551 particula
1162 1490 1218 1549 δή
1261 1493 1518 1551 conjunctus
1561 1493 1722 1552 legitur

176 1577 281 1620 Pac.
315 1576 414 1619 973.
447 1575 622 1618 Thesm.
655 1574 755 1617 802.
785 1574 892 1631 Lys.
925 1574 1026 1617 312.
1060 1573 1160 1617 358.

297 1656 577 1714 Imperativis
621 1670 729 1699 voce
762 1653 818 1710 δή
862 1655 1002 1698 auctis
1043 1656 1206 1712 optime
1246 1654 1571 1712 subjunguntur
1623 1655 1721 1711 loci,

180 1737 340 1796 quibus
371 1735 427 1792 δή
459 1734 679 1794 particula
722 1734 1019 1791 substantivis,
1059 1734 1310 1793 adjectivis,
1351 1735 1601 1790 adverbiis,
1647 1736 1720 1779 de-

177 1821 312 1877 nique
345 1817 512 1872 verbis,
542 1817 606 1860 ita
636 1815 911 1870 adnectitur,
942 1821 991 1859 ut
1021 1816 1097 1859 uni
1128 1814 1268 1858 verbo
1313 1814 1466 1858 addita
1497 1818 1588 1869 ejus
1632 1817 1722 1859 vim

177 1905 348 1957 urgeat,
380 1914 467 1957 qua
496 1899 542 1945 in
572 1913 621 1940 re
653 1911 825 1955 semper
854 1896 1095 1941 tenendum
1118 1902 1194 1951 est,
1224 1896 1484 1954 particulam
1515 1910 1604 1940 non
1632 1901 1722 1941 tam

179 1981 236 2026 ad
269 1995 405 2024 unum
436 1979 763 2023 illud·verbum
796 1993 927 2036 quam
942 1977 1000 2021 ad
1030 1983 1168 2023 totum
1187 1978 1457 2029 enuntiatum
1488 1979 1721 2035 pertinere.

178 2063 327 2118 Quum
358 2062 472 2104 enim
505 2059 818 2119 post-verbum
849 2058 956 2102 illud
989 2057 1249 2117 particulam
1281 2056 1339 2114 δή
1363 2073 1527 2116 ponere
1558 2059 1725 2107 soleant

180 2143 370 2197 Graeci,
406 2140 527 2199 quod
557 2141 602 2182 vi
635 2155 713 2183 sua
746 2138 926 2181 excellit
954 2139 1283 2193 in‘enuntiato,
1323 2139 1501 2196 proprie
1544 2137 1722 2196 quidem

179 2223 235 2281 δή
259 2223 389 2282 hujus
423 2221 550 2266 verbi
584 2222 673 2265 vim
705 2226 849 2278 auget,
880 2219 958 2263 sed
990 2220 1065 2275 ita,
1095 2225 1143 2263 ut
1174 2235 1254 2278 per
1272 2218 1380 2263 illud
1396 2219 1583 2270 verbum
1595 2219 1725 2263 simul

179 2306 269 2349 vim
303 2319 425 2347 suam
459 2308 666 2346 exerceat
698 2301 744 2355 in
775 2307 913 2349 totum
946 2300 1232 2344 enuntiatum.
1297 2299 1579 2344 Substantivi
1600 2315 1723 2358 prae-

179 2385 380 2430 cedentis
409 2386 498 2428 vim
529 2390 690 2442 urguet
720 2383 938 2442 particula
967 2382 1079 2426 Ach.
1117 2382 1228 2437 695,
1273 2382 1349 2426 ubi
1381 2383 1503 2440 prius
1535 2380 1591 2436 δή
1630 2396 1724 2437 per-

177 2468 288 2511 tinet
317 2465 377 2510 ad
408 2465 676 2522 adjectivum
708 2463 868 2518 πολλὰ,
899 2464 1084 2507 alterum
1117 2469 1261 2507 autem
1295 2462 1353 2505 ad
1385 2458 1560 2518 ἱδρῶτα,
1597 2461 1725 2508 simul

179 2550 258 2592 toti
291 2548 518 2590 enuntiato
549 2546 915 2603 significationem
960 2544 1129 2587 addens
1139 2577 1151 2599 ,
1197 2559 1290 2587 rem
1319 2550 1466 2588 notam
1507 2549 1551 2586 et
1590 2542 1726 2586 mani-

177 2630 334 2672 festam
367 2643 483 2683 esse,
516 2642 603 2686 qua
635 2627 689 2670 de
721 2642 769 2670 re
803 2641 936 2670 causa
966 2640 1053 2668 non
1085 2630 1202 2679 erat,
1235 2624 1352 2683 quod
1386 2623 1441 2667 de
1473 2623 1555 2667 hoc
1587 2622 1724 2667 altero

177 2710 235 2766 δή
267 2711 562 2767 suspicionem
608 2714 807 2751 moveret
838 2705 1109 2754 Fritzschius
1156 2704 1306 2761 (Jahn.
1338 2704 1499 2748 Annal.
1535 2703 1648 2745 1829
1680 2718 1722 2761 p.

184 2793 272 2846 11).
336 2789 505 2835 Eadem
542 2795 608 2834 est
639 2790 750 2841 ratio
783 2788 865 2846 Eq.
900 2803 941 2830 v.
976 2787 1101 2830 1387.
1133 2786 1251 2832 Nub.
1283 2801 1323 2828 v.
1359 2785 1416 2830 62
1447 2784 1523 2826 ubi
1556 2782 1609 2841 δή
1639 2799 1723 2830 vox
