1920 3109
965 60 1021 102 12

209 182 334 225 culae
364 182 457 238 ww
477 181 702 225 attulimus
721 181 780 224 ad
799 196 954 225 vocem
974 185 1105 225 etiam
1129 181 1188 225 ad
1211 182 1479 240 reliquorum
1500 172 1754 230 comoediae

208 262 367 305 atticae
398 261 627 319 poetarum
657 273 783 305 usum
814 262 1017 319 pertinet.

328 340 417 384 Sed
448 346 496 385 ut
526 348 801 385 revertamur
833 340 890 385 ad
921 340 1184 400 particulam
1213 340 1297 397 μέν
1323 341 1563 386 solitariam
1596 341 1754 387 eadem

207 422 473 464 affirmativa
488 422 808 477 significatione
837 437 924 479 qua
940 428 1038 479 post
1053 422 1282 479 personale
1313 423 1442 465 etiam
1463 429 1563 479 post
1574 423 1754 465 demon-

206 502 391 545 strativa
421 502 601 559 ponitur
631 502 914 559 pronomina,
957 506 1000 544 et
1029 507 1128 559 post
1157 515 1400 560 pronomen
1432 500 1552 559 quod
1592 500 1753 548 dicitur

209 580 597 623 determinativum
613 580 760 630 αὐτός.
812 581 874 624 Ut
889 582 1006 624 enim
1028 582 1200 625 rariora
1222 581 1501 640 praemittam
1518 579 1650 630 αὐτός
1663 590 1750 624 uno

205 661 301 705 loco
324 661 543 719 particula
571 664 653 715 μέν
684 661 1052 719 auctum-legitur
1071 662 1191 720 apud
1205 661 1559 720 Aristophanem,
1589 660 1675 704 Av.
1706 673 1749 703 v.

206 742 276 793 36,
304 742 383 785 ubi
413 742 693 785 Pithetaerus
724 748 768 785 et
798 742 1041 800 Euelpides
1071 757 1117 785 se
1142 741 1331 785 Athenas
1362 741 1475 785 velle
1499 741 1747 799 nelinquere

205 823 464 881 profitentur
500 820 661 879 αὐτὴν
702 824 801 877 μέν
829 821 888 865 δυ
911 823 1151 878 μισοῦντ’
1181 822 1404 879 ἐκείνην
1434 824 1532 878 τήν
1565 820 1751 864 πόλιν.

206 904 252 946 in
283 918 414 960 quem
460 903 603 946 locum
651 902 772 945 eadit
809 902 929 959 quod
974 902 1130 945 dicunt
1179 902 1478 960 grammatici,
1527 899 1748 944 interdum

202 984 450 1027 membrum
473 983 782 1026 correlativum
815 982 932 1039 quod
951 987 1210 1040 expectatur
1225 997 1307 1040 per
1321 961 1643 1025 anacoluthiam
1661 980 1747 1023 alio

202 1061 334 1105 modo
365 1062 531 1105 inferri.
574 1062 704 1105 Illum
737 1063 853 1105 enim
886 1077 1062 1105 versum
1092 1062 1129 1105 si
1159 1061 1319 1119 legeris
1349 1076 1437 1105 non
1467 1062 1630 1119 poteris
1659 1074 1747 1104 non

201 1150 461 1201 exspectare
512 1143 758 1186 membrum
802 1135 989 1200 sequens
1029 1143 1075 1184 in
1119 1157 1227 1199 quo,
1274 1157 1355 1199 per
1395 1142 1656 1199 particulam
1696 1140 1747 1182 δέ

200 1222 453 1266 introducto
484 1237 619 1265 causa
649 1221 871 1265 indicetur
886 1255 897 1276 ,
945 1236 1024 1264 cur
1064 1220 1244 1265 tandem
1276 1220 1468 1264 Athenas
1498 1212 1745 1278 relinquere

200 1302 363 1345 vellent
401 1301 601 1344 homines
641 1301 704 1343 illi
736 1300 865 1358 frugi,
897 1300 981 1344 hoc
1010 1316 1118 1344 vero
1163 1300 1411 1344 membrum
1442 1301 1649 1344 omissum
1680 1305 1745 1343 est

200 1389 331 1442 atque
343 1381 402 1426 ad
419 1381 561 1426 verba
580 1381 841 1424 ἐναποτΐσαι
862 1379 1064 1438 χρήματα
1077 1381 1256 1425 additur
1272 1382 1553 1425 enunciatum
1570 1380 1743 1426 causale

201 1463 321 1521 quod
352 1463 483 1506 simul
514 1478 691 1506 causam
722 1463 854 1516 illam,
888 1477 1019 1520 quam
1049 1462 1286 1517 desideras,
1319 1464 1526 1517 continet,
1546 1468 1596 1505 ut
1622 1467 1745 1520 patet

201 1560 259 1588 ex
305 1543 456 1588 verbis
498 1541 591 1585 διαὶ
640 1545 810 1585 ταῦτα
855 1542 1022 1585 τόνδε
1059 1543 1155 1585 τὸν
1197 1541 1383 1596 βάδον
1416 1541 1743 1597 βαδίζομεν

201 1624 340 1667 Vides
378 1624 462 1666 nisi
501 1622 629 1666 fallor
657 1622 742 1666 loci
773 1624 990 1665 rationem
1027 1638 1108 1681 per
1145 1622 1467 1665 anacoluthiam
1504 1624 1741 1666 constructi

199 1711 331 1762 atque
373 1705 418 1747 in
448 1704 612 1746 talibus
654 1703 984 1747 concedendum
1030 1710 1094 1746 est
1128 1705 1212 1756 μέν
1242 1702 1503 1760 particulam
1533 1718 1619 1747 non
1650 1709 1740 1746 tam

197 1784 511 1829 affirmativam
544 1798 675 1841 quam
694 1783 994 1826 concessivam
1013 1789 1056 1826 et
1078 1783 1432 1841 praeparativam
1451 1784 1541 1826 vim
1562 1782 1737 1826 habere.

198 1865 371 1907 Eadem
415 1871 563 1907 autem
598 1864 653 1906 de
686 1879 818 1906 causa
850 1863 952 1906 huic
983 1864 1079 1906 loco
1113 1863 1242 1920 plane
1276 1864 1500 1920 oppositus
1532 1869 1597 1906 est
1626 1863 1737 1906 Aah.

196 1959 235 1987 v.
267 1943 369 1999 428,
401 1941 478 1986 ubi
509 1942 672 2001 legitur
702 1957 791 1987 vox
823 1942 985 1992 ἐκεῖνος
1018 1957 1116 1986 cum
1148 1940 1365 2001 particuLa
1394 1943 1476 1996 μέν
1507 1942 1740 2001 conjuncta

194 2039 324 2067 sensu
360 2025 649 2079 affirmativo,
695 2039 781 2081 quo
825 2024 922 2067 loco
952 2025 1032 2065 vix
1062 2025 1227 2081 poteris
1256 2022 1461 2081 supplere
1491 2023 1738 2066 membrum

196 2104 470 2163 oppositum,
504 2103 549 2147 id
584 2103 702 2162 quod
733 2103 930 2161 Bergkio
962 2104 1008 2146 in
1039 2118 1175 2147 causa
1203 2103 1305 2159 fuit,
1338 2101 1454 2161 quod
1482 2102 1532 2147 in
1562 2102 1738 2146 adnota-

191 2185 385 2229 tionibus
406 2185 571 2227 criticis
601 2185 706 2227 edit.
740 2185 775 2227 I.
807 2190 850 2227 et
879 2184 936 2227 II.
967 2184 1234 2242 proponeret
1264 2181 1500 2239 a’mafflv
1530 2181 1737 2233 κάκεῖνος,

192 2265 310 2323 quod
342 2281 449 2310 vero
481 2267 659 2309 minime
692 2272 758 2309 est
786 2266 1107 2320 necessarium,
1140 2280 1274 2322 quum
1302 2265 1385 2320 μέν
1414 2270 1459 2318 et
1486 2268 1576 2321 μήν
1606 2267 1735 2307 etiam

190 2347 236 2389 in
267 2345 564 2404 Aristophane
595 2345 715 2389 idem
754 2360 883 2404 posse
914 2345 1163 2403 significare
1188 2345 1284 2402 jam
1316 2344 1569 2387 viderimus.
1631 2343 1735 2386 Pro—

191 2428 383 2471 nominis
415 2427 750 2471 demonstrativi
782 2442 901 2481 vero,
933 2433 982 2469 ut
1011 2426 1070 2468 ad
1103 2425 1185 2468 hoc
1200 2431 1434 2480 transeam,
1464 2439 1589 2468 casus
1609 2440 1737 2481 gene-

190 2508 252 2550 ris
282 2506 514 2551 masculini
545 2506 763 2566 particula
792 2507 876 2562 μέν
907 2505 1270 2562 corroborantur,
1299 2505 1595 2550 nominativus
1611 2504 1732 2548 Eccl.

190 2588 302 2639 648,
351 2588 527 2630 dativus
558 2587 681 2629 Eecl.
710 2587 826 2640 2553
872 2587 1048 2643 generis
1092 2586 1290 2628 feminini
1333 2586 1444 2629 Aah.
1490 2585 1585 2642 196.
1617 2585 1733 2627 Nub.

189 2667 290 2711 207.
321 2666 404 2724 Eq.
439 2668 552 2710 1216
585 2666 764 2710 Thesm.
797 2668 882 2712 928
914 2667 1092 2723 generis
1123 2666 1318 2710 neutrius
1334 2665 1631 2709 nominativus
1647 2665 1731 2724 Eq.

188 2746 288 2790 777.
335 2747 418 2791 Av.
451 2748 552 2790 309.
586 2749 864 2791 accusativus
894 2747 978 2805 Eq.
1012 2747 1112 2790 520.
1148 2747 1272 2792 1281.
1302 2746 1408 2804 Lys.
1444 2745 1569 2790 1022.
1603 2745 1731 2789 1165.
