1920 3109
950 65 1007 109 16·

193 173 405 231 Elmsleio
447 184 709 230 vertendum
747 186 808 229 sit
843 198 1035 231 sanusne
1064 188 1142 231 es?
1183 188 1264 232 sed.
1302 194 1417 236 certe
1444 201 1534 236 non
1562 192 1735 238 insanis

194 268 389 322 opinor?
419 266 495 321 (cf.
528 266 744 322 Hartung.
775 266 895 308 Part.
927 266 985 310 ΙΙ.
1017 267 1136 323 415).
1196 268 1418 327 Exempla
1460 271 1589 329 hujus
1631 283 1737 315 usus

191 346 414 406 platonica
445 343 568 389 dabit
591 343 772 388 Heindf.
806 344 864 388 ad
890 343 1068 390 Theaet.
1100 362 1141 406 p.
1176 347 1277 405 161,
1302 348 1432 407 plura
1464 352 1596 395 etiam
1612 351 1735 395 dedit
1826 339 1829 342 Δ

192 426 464 470 Fritzschius
501 424 561 468 ad
589 424 767 468 The-sm.
797 440 838 468 V.
868 426 947 481 97,
988 426 1067 470 ubi
1109 427 1297 472 eundem
1336 444 1463 473 usum
1494 432 1578 474 nisi
1597 431 1736 476 fallor
1767 419 1769 421 Ι

197 507 360 566 injuria
390 507 621 551 restituere
654 510 835 549 conatus
867 512 932 549 est
961 507 1032 549 vir
1064 506 1231 552 doetus.

310 588 342 631 J
344 602 416 630 am
449 600 554 629 vero
585 585 870 628 examinandi
908 591 1036 628 erunt
1061 584 1160 639 loci,
1191 587 1351 645 quibus
1381 590 1626 646 particulae
1653 592 1737 646 μέν

195 681 253 710 ex
284 667 474 709 adverso
504 664 742 723 respondet
771 665 910 708 altera
939 665 1177 723 particula,
1207 673 1252 710 et
1281 668 1461 725 quidem
1490 670 1577 713 alia
1605 676 1737 728 atque

192 745 411 804 particula
442 744 507 788 δέ,
563 745 627 788 Ut
658 745 774 787 enim
799 745 895 802 jam
927 744 1141 801 diximus,
1171 751 1215 788 et
1243 747 1461 791 nonnullis
1489 748 1598 797 locis
1626 749 1737 793 vidi-

193 842 303 882 mus,
332 840 415 884 pro
436 824 487 867 δέ
505 825 637 868 etiam
668 824 781 868 aliae
816 825 1059 882 particulae
1091 826 1334 870 secundum
1360 829 1573 871 enuntiati
1604 844 1738 871 mem-

192 907 322 952 brum
361 905 553 950 inferunt
593 905 667 963 (cf.
708 904 880 949 Bauml.
920 905 1040 949 Part.
1087 921 1130 964 p.
1174 906 1291 961 170).
1354 906 1431 951 Sic
1471 922 1508 951 e.
1549 924 1591 966 g.
1627 908 1733 953 Ach.

197 987 325 1031 1164.
385 986 519 1044 Vesp.
548 986 635 1031 807
666 987 750 1041 μέν
779 987 1137 1044 praeparativum
1178 986 1360 1045 legitur,
1401 989 1472 1032 cui
1501 987 1737 1047 respondet

193 1067 412 1127 particula
452 1067 527 1107 καί
557 1082 599 1110 v.
632 1067 742 1121 812,
785 1066 1027 1124 eodemque
1068 1066 1203 1110 modo
1240 1068 1482 1125 particulae
1516 1070 1602 1123 μέν
1628 1069 1737 1113 Ran.

193 1164 235 1191 v.
270 1147 356 1191 788
387 1145 625 1204 respondet
654 1145 814 1188 vocula
843 1146 919 1186 καί
949 1161 1079 1189 versu
1111 1146 1210 1190 790.
1270 1147 1476 1191 Eundem
1504 1163 1632 1192 usum
1661 1148 1736 1191 ha-

194 1228 271 1271 bes
301 1226 421 1270 Pluti
451 1241 493 1268 v.
527 1225 625 1280 701,
657 1240 801 1282 neque
832 1224 1019 1271 multum
1050 1225 1199 1270 differt
1217 1226 1331 1277 Plut.
1363 1227 1451 1271 665
1479 1228 1558 1272 ubi
1585 1229 1737 1283 μέν-τέ

192 1309 355 1366 legitur
366 1339 380 1362 ,
419 1321 550 1365 quam
579 1304 896 1363 particularum
925 1306 1254 1364 responsionem
1284 1306 1412 1351 verbi
1441 1322 1572 1352 causa
1602 1309 1735 1352 etiam

193 1389 313 1447 apud
343 1387 587 1431 Pindarum
617 1386 831 1438 habemus
862 1385 932 1429 Ol.
964 1386 1044 1429 IV.
1066 1387 1109 1429 3.
1169 1386 1320 1430 Isthm.
1346 1388 1403 1431 Π.
1429 1389 1503 1433 38.
1562 1389 1737 1430 mgna&

194 1470 326 1512 etiam
371 1466 558 1517 haberes
588 1465 675 1508 Av.
704 1466 815 1521 593,
855 1480 916 1508 ex
960 1467 1214 1524 conjectura
1243 1466 1425 1524 Gobeti,
1469 1468 1554 1511 nisi
1584 1474 1737 1512 cantra

193 1548 420 1592 Kockium
450 1552 673 1605 putarem,
705 1546 757 1586 τὰ
787 1544 985 1598 μέταλλα
1015 1546 1069 1587 τὰ
1099 1548 1262 1602 χρηστοί
1294 1547 1458 1605 optime
1486 1547 1735 1604 signi-ficare

194 1642 321 1689 posse
350 1626 526 1673 fodinas
564 1626 782 1681 aerarias,
828 1626 873 1668 in
920 1625 1079 1684 quibus
1108 1625 1374 1670 instruendis
1391 1632 1449 1670 et
1478 1627 1738 1692 exercendis

192 1708 486 1752 Athenienses
517 1721 569 1749 eo
599 1711 799 1764 tempore
830 1720 963 1763 saepe
1003 1721 1184 1763 magnas
1216 1706 1453 1750 collocasse
1481 1708 1631 1766 copias
1662 1720 1738 1750 no·-

192 1790 349 1832 vimus.
408 1787 515 1844 Lys.
549 1801 587 1828 v.
619 1785 705 1829 142
736 1790 981 1843 sequuntur
1009 1785 1252 1843 particulae
1283 1785 1402 1842 ὅμως
1430 1788 1479 1838 γε
1506 1786 1615 1842 μήν,
1655 1801 1736 1844 per

195 1884 303 1929 quas
333 1867 500 1925 majore
533 1880 634 1908 cum
664 1865 709 1908 vi
743 1864 922 1909 effertur
952 1866 1200 1924 oppositio3
1231 1865 1408 1911 Thesm.
1427 1865 1515 1910 466
1535 1864 1653 1921 ὅμως
1674 1865 1737 1922 δέ,

193 1950 272 1994 ubi
302 1942 504 1991 videmus
533 1945 792 2004 particulas,
834 1961 946 2004 quae
984 1946 1269 2005 respondent,
1312 1947 1417 1990 satis
1447 1947 1579 1989 etiam
1607 1946 1737 2003 longo

193 2027 424 2073 intervallo
466 2027 592 2084 sequi
631 2041 780 2084 posse,
826 2041 932 2069 nam
958 2026 1165 2083 leguntur
1193 2042 1235 2070 v.
1262 2027 1372 2082 4713
1401 2025 1515 2070 Ach.
1549 2026 1737 2084 denique
1764 2015 1766 2017 ’

195 2126 237 2154 v.
270 2109 359 2154 956
392 2113 436 2151 et
463 2106 585 2149 Eecl.
614 2105 703 2149 412
734 2105 835 2148 ἀλλ’
867 2105 999 2161 ὅμως.

310 2189 505 2233 0ωυίηο
525 2186 756 2245 particula,
786 2201 898 2244 quae
923 2192 988 2229 est
1006 2184 1139 2237 ἀλλά,
1171 2188 1345 2245 saepius
1376 2186 1474 2231 loco
1496 2187 1741 2246 particulae

197 2270 248 2313 δέ
277 2257 475 2328 sequitur
501 2266 775 2327 praecedens
804 2267 910 2323 μέν,
943 2282 1031 2326 qua
1062 2266 1117 2311 de
1149 2269 1431 2326 responsione
1460 2267 1579 2311 idem
1610 2267 1740 2323 valet,

196 2351 314 2411 quod
343 2349 458 2393 infra
487 2350 532 2392 in
555 2348 838 2406 responsione
859 2347 1176 2406 particularum
1200 2347 1359 2402 μὲν-δέ
1377 2346 1620 2391 videndum
1645 2348 1741 2402 erit,

195 2431 363 2476 scilicet
402 2444 483 2487 per
519 2427 750 2483 μὲν-ἄλλά
780 2428 1021 2487 particulas
1065 2434 1118 2471 ut
1145 2427 1318 2485 singula
1346 2426 1486 2471 verba
1514 2428 1580 2471 ita
1608 2442 1741 2471 enun-

194 2512 304 2554 tiata
333 2510 418 2554 sibi
435 2510 610 2567 opponi,
641 2514 774 2566 atque
804 2508 891 2551 hac.
908 2509 956 2551 in
977 2524 1026 2551 re
1042 2507 1305 2567 particulam
1331 2505 1453 2549 ἄλλά
1472 2522 1563 2551 non
1578 2506 1742 2550 debere

196 2591 439 2652 procedere
466 2605 598 2635 voces
630 2589 715 2634 sibi
747 2590 982 2649 oppositas.
1044 2588 1250 2633 Ceterum
1274 2587 1329 2632 de
1355 2587 1438 2633 hoc
1471 2603 1554 2632 usu
1584 2602 1741 2646 parum

197 2679 315 2715 recte
345 2672 523 2714 videtur
553 2671 755 2713 statuisse
778 2670 993 2725 Klotzius‚
1024 2669 1102 2727 (ad
1121 2670 1286 2713 Devar.
1308 2669 1370 2712 II.
1390 2683 1433 2727 p.
1452 2666 1575 2725 658),
1606 2680 1740 2725 quum

201 2739 319 2798 dicat
349 2753 495 2796 videri
524 2753 619 2796 istis
649 2751 779 2807 locis,
826 2752 906 2796 ubi
934 2757 1155 2810 ponuntur
1183 2749 1426 2810 particulae
1455 2746 1639 2804 μὶν-δέ,
1666 2762 1741 2807 po-
