1920 3109
962 97 1022 143 55

225 248 353 304 dum,
383 260 525 305 neque
557 260 663 290 vero
693 246 985 303 interrogant,
1016 244 1263 290 Clisthenes
1305 260 1412 289 vero
1455 250 1499 288 et
1540 242 1762 288 Xanthias

222 330 420 375 homines
451 327 596 384 fortes,
627 326 839 384 „suadent
868 308 1216 383 quid-optimum
1245 327 1305 372 sit
1331 327 1495 382 factast.
1549 324 1757 371 Ceterum

225 422 358 472 quum
390 410 457 454 his
498 409 713 469 exemplis
758 408 961 453 omnibus
1003 408 1176 467 legatur
1219 410 1257 450 τί
1287 407 1487 466 δρῶμενς
1527 408 1756 451 occasione

224 490 328 536 daeta
356 491 475 537 locos
516 478 767 551 subjiciam,
814 501 873 535 ex
903 488 1062 551 quibus
1104 490 1158 534 de
1199 489 1328 549 hujus
1372 490 1495 538 vocis
1538 489 1684 534 futuro
1704 494 1758 532 ,et

224 574 503 631 conjunctivo
538 571 758 631 judicium
799 572 904 616 ferri
949 576 1105 630 potest.
1153 570 1470 627 Coniunctivus
1509 570 1671 628 legitur
1709 570 1755 613 in

225 655 566 713 interrogatione
611 653 696 713 Eq.
729 669 771 696 v.
804 653 913 707 603,
951 652 1069 697 Nub.
1099 651 1200 696 427.
1232 651 1330 696 694.
1360 651 1464 696 Pae.
1495 652 1595 697 223.
1630 651 1759 698 1142.

225 735 401 780 Thes'm.
432 735 502 779 70.
533 735 633 778 925.
666 735 774 779 Ran.
814 735 918 791 1303
952 733 1147 778 futurum
1179 732 1285 776 Aah.
1318 748 1360 776 v.
1394 732 1496 776 466.
1527 732 1644 778 Nub.
1661 731 1762 776 844.

222 817 325 863 Pae.
360 816 486 861 1252.
521 816 647 861 1336.
682 815 811 861 1337.
840 814 1012 860 Thesm.
1032 814 1176 859 -1128.
1209 814 1335 859 Ecel.
1362 814 1463 859 358.

338 898 592 942 Formulam
608 897 687 950 ἄγε
703 896 759 954 δή
773 898 920 941 statim
933 903 1142 956 sequatur
1153 898 1226 939 ἴθι
1240 896 1306 953 δή,
1318 898 1365 940 in
1388 912 1499 955 quae
1526 895 1582 953 δή
1597 895 1760 940 eodem

221 979 353 1024 modo
370 977 597 1036 augendae
614 979 659 1021 vi
675 977 993 1023 adhortationis
1009 978 1204 1035 inservit,
1223 993 1422 1037 quaeque
1447 976 1636 1021 formula
1650 982 1760 1021 teste

220 1058 364 1104 Schol.
395 1059 453 1103 ad
483 1060 590 1105 Rau.
620 1059 726 1116 494,
757 1074 888 1118 quem
920 1061 1143 1118 excerpsit
1173 1059 1335 1102 Suidas
1364 1074 1405 1101 v.
1441 1059 1513 1100 ἴθι
1545 1057 1697 1114 (Tom.
1724 1057 1761 1101 Ι.

134 1170 139 1175 -
219 1156 263 1200 p.
286 1139 384 1184 ’974
415 1139 457 1185 b.
478 1139 567 1199 13),
598 1141 797 1197 σημαίνει
827 1142 901 1182 καὶ
930 1142 976 1183 τύ
1010 1139 1099 1193 ἄγε.
1144 1139 1288 1199 Atque
1320 1139 1403 1184 hae
1424 1137 1611 1184 formula
1631 1136 1762 1198 plane

220 1222 376 1266 eodem
406 1221 538 1265 modo
568 1222 706 1266 utitur
752 1222 968 1277 comicus,
1004 1227 1145 1281 atque
1175 1220 1272 1277 illa,
1312 1236 1424 1280 quae
1461 1226 1529 1264 est
1570 1221 1650 1273 ἄγε
1690 1218 1759 1277 δή,

221 1316 485 1360 quamquam
516 1302 587 1343 ἴθι
625 1301 684 1359 δή
714 1316 765 1344 συ
811 1303 896 1346 nisi
926 1301 1046 1345 Eecl.
1079 1318 1120 1345 v.
1155 1303 1236 1345 121
1284 1316 1373 1346 non
1402 1301 1577 1360 legitur,
1616 1317 1761 1361 neque

218 1381 441 1425 invenitur
471 1381 669 1440 formula,
700 1383 785 1427 nisi
816 1397 917 1428 cum
946 1383 1210 1443 imperativo
1227 1382 1461 1441 conjuncta
1491 1383 1566 1442 qui
1598 1382 1762 1443 ubique

220 1461 328 1505 earn
348 1463 528 1520 exeipit.
1506 1473 1511 1477 ’

200 1590 203 1592 ,
275 1546 277 1548 ’
335 1541 446 1586 Loci
476 1547 599 1586 sunt:
631 1542 797 1587 Ran.v.
829 1541 930 1587 569.
954 1542 1064 1589 891.
1102 1543 1226 1589 1180.
1261 1543 1388 1588 1284.
1421 1543 1504 1604 Eq.
1526 1543 1623 1588 152.
1654 1543 1760 1588 Pae.

217 1622 315 1667 405.
354 1623 481 1667 1238.
511 1622 634 1666 Eoel.
670 1622 767 1666 148.

203 1751 206 1753 ,
332 1704 614 1763 Propinquae
654 1703 721 1747 his
764 1710 865 1749 sunt
911 1704 1208 1750 locutionibus
1240 1707 1362 1762 φέρε
1380 1704 1437 1764 δή
1484 1706 1594 1751 Aah.
1631 1706 1758 1751 1058.

214 1784 332 1829 Nub.
359 1784 495 1829 1088.
527 1784 631 1829 Pae.
656 1785 756 1831 361.
778 1784 878 1830 659.
914 1785 1090 1831 Thesm.
1110 1785 1210 1831 788.
1240 1786 1351 1833 Ran.
1387 1787 1484 1833 120.
1505 1787 1607 1845 498,
1636 1803 1761 1848 prae·

216 1873 285 1910 ter
316 1866 433 1911 Nub.
467 1866 553 1910 768
587 1881 673 1925 quo
704 1881 836 1911 versu
875 1874 1109 1927 perperam
1141 1868 1255 1913 hano
1298 1869 1532 1914 formulam
1577 1870 1762 1930 praebet

193 1946 311 1991 eod.
344 1947 475 2004 Ven.‚
518 1953 560 1990 et
590 1947 767 1992 Thesm.
799 1948 885 1992 768
906 1959 909 1961 ·
930 1949 1005 1993 ubi
1043 1949 1158 1994 male
1206 1966 1302 1994 eam
1343 1950 1490 1996 intulit
1528 1949 1759 2006 Kiisterusss

214 2027 287 2079 (cf.
317 2027 609 2071 Fritzsehium
640 2043 679 2071 a.
712 2028 754 2071 h.
785 2028 857 2083 l.);
888 2028 984 2071 ἕιπέ
1016 2028 1072 2086 δή
1102 2030 1224 2074 Nubz
1255 2029 1370 2076 500.'
1391 2031 1492 2075 652.
1524 2031 1625 2075 683.
1656 2031 1758 2074 746.

215 2107 320 2151 778-
352 2108 488 2161 1416;
521 2106 617 2161 λέγε
649 2107 705 2165 δή
734 2108 844 2153 Aah.
873 2109 978 2154 103.
1010 2110 1094 2169 Eq.
1127 2111 1196 2154 21.
1245 2111 1362 2156 Nub.
1394 2112 1465 2157 90.
1510 2111 1615 2168 Lys.
1646 2111 1758 2164 503;

214 2186 343 2240 λέξον
373 2187 430 2245 δή
464 2188 579 2233 Nub.
611 2189 720 2240 3403
751 2188 861 2245 λαβὲ
891 2188 949 2248 δη·
967 2183 970 2185 ’
989 2190 1071 2249 Eq.
1118 2190 1202 2234 106
1245 2190 1315 2233 εἶα
1346 2191 1404 2249 δή
1447 2191 1622 2236 Thesm.
1658 2192 1759 2236 659.

135 2258 138 2261 ’
211 2269 283 2326 (cf.
314 2269 429 2313 Reis.
463 2269 587 2327 Synt.
618 2271 712 2313 erit.
745 2270 800 2314 ad
829 2271 1012 2315 'calcem
1060 2271 1162 2316 edit.
1186 2273 1312 2317 Ναὶ).
1344 2289 1386 2333 p.
1432 2269 1514 2330 19).
1574 2274 1759 2318 Praeter

213 2350 292 2395 has
336 2340 544 2394 formulas
587 2351 900 2410 imperativum
947 2350 1003 2410 δή
1048 2354 1248 2413 sequitur
1298 2369 1427 2400 sensu
1478 2353 1756 2414 aliquomodo

216 2430 479 2487 oonclusivo‚
513 2437 563 2475 ut
594 2432 779 2476 accedat
809 2432 1093 2499 ad-‘noetrum
1126 2449 1201 2488 „so
1224 2435 1378 2489 denn“,
1411 2435 1518 2480 loeis
1536 2437 1674 2491 φώνει
1699 2435 1756 2491 δή

210 2510 321 2555 th.
375 2511 473 2557 777.
523 2513 582 2555 ἴτε
632 2512 690 2571 δή
740 2513 850 2558 Aah.
903 2515 1031 2560 1143.
1085 2516 1219 2560 ἄκουε
1270 2516 1326 2574 δή
1373 2517 1633 2563 Ach.›-733.
1674 2516 1757 2576 Eq.

212 2592 348 2649 10143
401 2591 618 2637 α’κόυετον
669 2593 724 2652 δή
770 2596 885 2641 Plut.
918 2597 987 2641 76.
1047 2598 1116 2654 (of.
1170 2599 1286 2644 Reis.
1334 2599 1460 2659 Conj.
1495 2599 1528 2642 Ι.
1571 2614 1614 2658 p.
1661 2598 1754 2657 34);

219 2672 422 2730 φρόντιζε
464 2672 521 2732 δή
586 2675 702 2720 Nub.
754 2676 864 2733 7003
925 2677 1127 2721 ὑπότεινε
1182 2678 1238 2737 δή
1297 2681 1400 2726 Pae.
1440 2681 1558 2736 458;
1619 2681 1745 2738 φροί-

211 2752 278 2803 ζεο
308 2754 363 2813 δή
397 2755 502 2800 Pae.
538 2756 673 2810 1099;
721 2757 833 2813 ἔγχει
864 2758 922 2817 δή
950 2760 1053 2805 Pac.
1097 2760 1236 2815 11023
1281 2759 1392 2819 ἡγοῦ
1422 2760 1479 2820 δή
1521 2762 1607 2807 Av.
1639 2762 1748 2819 6763

207 2832 356 2893 ἀκροῶ·
394 2837 448 2896 δή
482 2837 587 2898 Lys.
629 2838 730 2885 503.
774 2841 846 2897 (ef.
888 2845 1026 2900 πειρῶ
1063 2841 1175 2888 Plat.
1220 2842 1411 2888 Phaedr.
1455 2861 1499 2904 p.
1530 2844 1617 2889 272
1650 2845 1742 2904 G.);
