1920 3109
904 78 962 123 24
992 142 996 145 γ

155 200 303 258 specie
350 202 585 260 conjuncta
615 201 874 257 videantur,
911 201 961 245 id
1004 201 1127 260 quod
1164 203 1328 261 optime
1367 209 1552 262 apparet
1583 203 1707 247 Eccl.

156 294 198 323 v.
226 281 342 324 1112
371 297 464 341 sqq.
497 270 591 341 quo*
613 298 745 327 versu
775 282 992 341 legimus:

144 415 147 418 ‚
423 360 459 404 ὦ
487 361 717 420 μακάριος·
748 363 831 418 μὲν
861 361 1013 420 δῆμος,
1053 362 1277 418 εὐδαίμων
1306 359 1356 405 δὲ
1383 365 1439 419 γῆ

153 439 274 484 nullo
300 440 414 485 inter
443 447 679 502 utrumque
710 442 957 487 membrum
1000 444 1211 488 interiore
1238 458 1360 487 nexu
1389 443 1453 488 ita
1497 449 1547 488 ut
1587 438 1701 489 com-

152 520 285 565 mode
315 524 544 581 sequentia
577 523 778 568 membra
805 539 887 582 per
931 522 1194 582 particulam
1223 525 1268 566 τέ
1298 524 1475 571 adnecti
1506 526 1702 583 possint.

154 601 322 649 Contra
353 604 575 662 oppositio
605 604 722 647 inter
752 602 926 661 singula
955 602 1155 667 membra
1184 603 1321 647 multo
1362 604 1538 663 saepius
1567 618 1702 664 appa-

152 687 232 735 ret,
264 687 310 724 et
339 682 522 740 quidem
552 684 616 727 ita
645 690 695 727 ut
724 683 897 740 singula
926 683 972 726 in
994 688 1189 741 ‘utroque
1218 683 1417 727 membro
1440 683 1531 727 sibi
1561 691 1697 743 oppo-

151 765 315 805 nantur
344 761 497 819 verba,
526 768 576 806 ut
605 762 719 806 Ach.
748 762 860 806 441:
1139 750 1141 752 ¹

433 843 548 885 εἶναι
577 845 661 899 μὲν
699 842 836 897 ὅσπερ
867 842 970 898 εἶμί,
1003 834 1263 898 φαίνεσθὰι;
1281 839 1331 884 δὲ
1359 841 1436 897 μκή,

151 920 231 965 ubi
254 921 346 966 ‚sibi
376 924 604 982 oppositae
634 928 735 968 sunt
764 937 895 967 voces
907 922 1022 965 εἴναι
1051 928 1095 966 et
1111 924 1359 979 φαίνεσθαι
1395 928 1441 966 et
1472 923 1704 982 oppositio,

136 1015 266 1058 >quae
294 1002 411 1045 inter
440 1008 674 1061 utramque
707 994 944 1046 intercedit
960 1003 1093 1045 etiam
1114 1002 1256 1059 magis
1284 1011 1337 1046 eo
1355 1002 1548 1059 effertur,
1580 1003 1700 1062 quod

150 1080 274 1137 prius
318 1081 566 1125 membrum
598 1082 864 1125 affirmative
893 1075 1112 1140 posterius
1151 1082 1355 1139 negative
1393 1083 1584 1140 positum
1619 1089 1701 1128 θοι.

150 1160 235 1219 Eq.
267 1161 369 1204 819.
404 1161 533 1215 1203,
582 1167 626 1205 et
656 1162 702 1204 in
732 1160 920 1220 parodia
949 1161 1060 1205 Ran.
1093 1176 1135 1204 v.
1171 1161 1289 1204 1425
1317 1159 1415 1205 loco
1444 1162 1520 1206 illo
1568 1164 1698 1207 notis-¹

149 1240 261 1284 simo
292 1240 349 1284 de
380 1240 628 1299 Alcibiade,
660 1257 719 1285 ex
749 1242 780 1285 J
782 1242 877 1285 onis
908 1241 1180 1286 Custodibus
1215 1241 1447 1302 desumpto

415 1322 557 1363 ποθεῖ
582 1308 678 1377 μὲν,
709 1321 913 1377 ἐχθαίρει
945 1320 1008 1374 δὲ,
1040 1320 1247 1376 βούλεται
1290 1320 1459 1376 δ’ἔχειν.

150 1401 325 1445 Eadem
355 1417 463 1445 vero
494 1408 680 1461 apparet
695 1402 977 1457 constructio,
1009 1400 1087 1445 ubi
1116 1416 1204 1445 non
1234 1408 1324 1445 tam
1345 1402 1517 1459 singula
1546 1402 1697 1459 verba,

149 1497 283 1540 quam
327 1482 529 1526 membra
571 1481 658 1525 sibi
689 1487 991 1540 opponuntur,
1032 1480 1143 1524 Ach.
1175 1480 1278 1524 455.
1310 1481 1396 1539 Eq.
1417 1482 1558 1525 1252.
1589 1482 1696 1539 Lys.

86 1551 91 1555 ’
154 1543 280 1605 ιἰ24.
311 1561 423 1605 Rau.
457 1561 583 1605 1295.
614 1561 731 1606 Plut.
763 1560 874 1617 825,
925 1559 1121 1618 denique
1152 1558 1265 1603 Ach.
1296 1560 1355 1604 33
1393 1559 1489 1605 1000
1527 1561 1698 1618 tragico

150 1642 218 1698 (cf.
248 1642 432 1687 Nauck:
459 1642 612 1699 Frgm.
645 1642 781 1699 Trag.
823 1640 974 1699 adesp.
1006 1640 1078 1684 25.
1110 1640 1231 1698 657).
1293 1640 1467 1685 Ceteris
1499 1642 1575 1699 qui
1607 1641 1694 1685 huc

150 1704 371 1781 pertinent
400 1721 521 1778 locis,
553 1721 713 1780 quibus
742 1706 826 1775 μέν
855 1727 900 1764 et
931 1720 981 1763 δέ
1011 1720 1223 1776 membra,
1265 1735 1378 1778 quae
1407 1736 1489 1779 per
1517 1736 1565 1764 se
1596 1736 1695 1765 con·

148 1806 276 1857 stant,
307 1802 592 1859 conjungunt,
626 1799 807 1844 eaedem
826 1805 1042 1859 apparent
1071 1814 1214 1844 nexus
1242 1802 1447 1844 rationes.
1494 1799 1693 1845 Primum

149 1883 268 1926 enim
297 1881 408 1925 nihil
437 1882 524 1925 nisi
554 1879 800 1939 simplicem
831 1880 1018 1924 actionis
1047 1886 1123 1924 aut
1151 1881 1218 1924 rei
1252 1880 1482 1939 cujusdam
1509 1882 1696 1943 varieta-

149 1968 239 2006 tem
270 1962 386 2006 inter
416 1960 589 2019 singula
602 1960 804 2005 membra
835 1959 1112 2004 intercedere
1137 1960 1366 2022 particulis
1393 1963 1493 2016 μὲν·
1502 1960 1554 2003 δέ
1581 1961 1695 2005 indi·
1756 1959 1760 1964 ’

148 2048 289 2099 catur,
320 2048 453 2100 atque
483 2042 547 2085 ita
579 2040 772 2099 quidem,
812 2046 862 2084 ut
891 2040 1023 2086 simffl‘
1051 2055 1133 2102 per
1161 2039 1424 2099 particulam
1465 2039 1536 2095 δέ,
1579 2055 1693 2099 quae

146 2124 237 2180 jam
268 2137 351 2180 per
379 2128 431 2164 se‘
462 2120 610 2164 multis
652 2119 762 2164 locis
790 2120 883 2163 vim
930 2119 1063 2163 habet
1109 2121 1318 2164 orationis
1360 2120 1693 2176 continuandae,

146 2217 405 2261 progressus
434 2201 493 2245 ad
523 2199 684 2245 novam
700 2215 794 2244 rem
826 2200 1109 2258 significetur,
1140 2206 1190 2244 ut
1218 2200 1325 2244 Ach.
1349 2201 1447 2245 178.
1479 2201 1579 2246 366.
1596 2201 1629 2245 ’7
1636 2202 1692 2245 19
1718 2211 1720 2213 ’

147 2283 265 2327 Nub.
299 2283 407 2337 4573
437 2282 516 2326 ubi
546 2281 744 2340 protasin
775 2280 835 2324 ad
856 2286 1140 2339 spectatores,
1170 2280 1383 2340 apodosin
1408 2280 1467 2324 ad
1482 2280 1694 2339 Strepsia·

148 2363 250 2407 dem
282 2377 518 2407 conversus
549 2361 657 2405 dicit
687 2360 868 2414 chorus;
901 2361 1036 2420 Vesp.
1072 2360 1201 2405 1249.
1231 2361 1337 2405 Pac.
1354 2361 1454 2406 637.
1487 2360 1572 2405 Av.
1591 2361 1692 2406 358.

148 2445 250 2487 702.
280 2444 385 2501 Lys.
416 2443 527 2498 3143
562 2441 724 2484 deinde
753 2440 996 2499 particulae
1025 2438 1181 2495 μὲν-δέ
1209 2441 1274 2483 ita
1289 2440 1473 2498 *positae
1503 2446 1615 2497 sunt,
1643 2447 1693 2484 ut

147 2526 194 2568 in
223 2539 312 2569 uno
343 2537 518 2582 quoque
548 2520 748 2566 membro
791 2520 991 2578 singulae
1032 2535 1146 2579 quae
1186 2520 1271 2565 sibi
1313 2535 1371 2564 ex
1403 2521 1588 2566 adverso
1627 2536 1693 2565 re-

144 2603 362 2665 spondent
389 2617 524 2649 voces
551 2601 803 2658 efferantur,
833 2606 883 2646 ut
902 2599 1015 2645 Ach.
1049 2600 1148 2657 188,
1181 2600 1259 2646 ubi
1278 2599 1400 2644 α’λλιί
1430 2600 1689 2660 particulam

146 2685 336 2731 orationi
383 2684 690 2743 'interpositam
760 2686 904 2727 tamen-
918 2715 928 2733 ‚
982 2686 1115 2734 certe,
1158 2682 1429 2740 significare,
1485 2687 1535 2725 ut
1586 2681 1693 2725 Ach.

123 2768 126 2771 '
152 2766 265 2810 1033
294 2763 412 2809 Nub.
450 2763 573 2807 1364.
607 2761 736 2806 1369.
766 2762 873 2807 Pac.
904 2761 1005 2806 660.
1036 2761 1141 2821 Lys.
1173 2762 1263 2806 904
1291 2761 1462 2806 notavit
1479 2758 1692 2806 Miillerus
