1920 3109
935 111 994 155 74

188 228 412 284 declarat3
455 232 557 275 nam
602 230 686 276 hoc
721 231 819 277 loco
849 233 900 286 γέ
928 234 1164 292 restringit
1184 243 1364 288 vocem
1362 236 1519 291 τοῦτο,
1563 237 1631 278 w?
1673 236 1732 293 δή

188 317 332 354 autem
367 326 460 354 rem
492 312 767 357 manifestam
800 328 895 358 esse
926 314 1129 358 affirmat.

307 415 386 458 Bis
441 414 560 475 apud
624 415 965 476 Aristophanem
1023 417 1185 476 legitur
1239 416 1280 460 εἴ
1346 417 1404 475 δή
1460 417 1543 462 hoc
1605 431 1733 464 sensu

188 496 258 550 „si
281 494 479 540 vrevera“
525 502 575 540 ut
613 497 735 556 patet
774 496 833 541 ex
877 498 988 542 Ran.
1033 498 1119 542 241
1162 491 1255 542 ubi‘
1280 499 1346 542 est
1383 497 1424 540 εἰ
1464 492 1654 555 &isnave
1682 500 1723 545 si

188 589 342 620 revera
374 577 628 632 aliquando.
691 578 819 622 Alter
848 578 970 623 locus
1001 585 1066 623 est
1097 578 1230 638 Vesp.
1262 579 1319 623 86
1351 592 1438 638 quo
1485 578 1582 624 loco
1613 580 1731 639 quod

189 656 373 701 fortasse
399 665 608 717 expectes
640 657 691 701 δέ
722 660 868 717 posuit
897 658 1102 704 Reiskius
1132 659 1350 704 scribens:
1379 654 1419 703 εἰ
1449 659 1503 702 δέ
1527 660 1733 713 γ’ἐπιθυ-

188 739 297 793 μήτ’
327 738 509 784 εἰδέναι.
573 739 661 784 Sed
692 748 813 785 recte
844 741 1066 786 Porsonus
1095 741 1137 782 εἶ
1167 740 1242 797 δή
1251 742 1465 801 restituit,
1507 742 1626 801 quod
1655 757 1730 802 op-

186 819 292 863 time
323 818 467 863 locum
499 818 657 878 habet,
689 837 823 880 quum
854 822 970 866 inter
998 836 1176 866 versum
1208 822 1265 865 86
1296 828 1340 865 et
1370 837 1469 866 eum
1502 821 1577 881 qui
1606 828 1729 867 ante-

188 899 307 944 cedit
337 899 548 960 loquendi
578 897 770 961 aliquam
801 918 985 962 pausam
1015 902 1149 947 faciat
1179 897 1411 977 Xanthias.

305 1003 380 1047 Ex
411 1005 692 1062 negationum
734 1012 856 1050 tanto
896 1021 1079 1050 numero
1123 1005 1209 1049 nisi
1249 1004 1303 1047 οὕ
1331 988 1494 1049 nullam
1534 987 1644 1049 voce
1673 1004 1730 1063 δή

187 1085 360 1129 extollit
392 1085 710 1145 Aristophanes
742 1086 811 1143 (de
843 1102 974 1131 sensu
1004 1086 1060 1131 cf.
1089 1086 1260 1131 ΒὲιιιιιΙ.
1292 1103 1336 1147 p
1360 1087 1471 1143 102),
1501 1087 1563 1131 ita
1593 1093 1641 1131 ιιι
1672 1101 1728 1131 ne

185 1181 244 1221 μη
278 1164 335 1221 δή
364 1157 549 1224 quidem
576 1167 645 1221 (cf.
677 1168 895 1225 Hartung.
926 1168 960 1210 Ι.
1006 1167 1094 1210 286
1124 1166 1360 1225 Naegelsb.
1387 1160 1465 1211 ad
1472 1166 1532 1211 11.
1562 1168 1597 1211 Ι.
1629 1168 1729 1222 131)

186 1246 372 1303 legatur.
435 1247 644 1290 Ceterum
675 1247 761 1290 loci
793 1247 872 1290 ubi
903 1245 955 1289 ου
984 1246 1042 1304 δή
1072 1238 1278 1305 leguntur
1324 1246 1383 1291 ad
1413 1262 1549 1291 unum
1580 1262 1729 1291 omnes

186 1327 346 1371 incerti
377 1333 496 1384 sunt,
544 1333 588 1371 et
619 1342 754 1387 quum
797 1328 844 1372 in
887 1327 1156 1373 editionibus
1188 1334 1289 1373 ante
1332 1328 1412 1373 hos
1442 1329 1549 1373 XX.
1594 1345 1730 1374 annos

187 1408 318 1451 editis
349 1408 442 1451 fere
474 1415 630 1466 quater
658 1408 853 1465 legatur,
892 1423 1010 1451 nunc
1039 1423 1198 1452 vereor
1240 1423 1295 1451 ne
1344 1414 1521 1467 praeter
1552 1394 1729 1460 Thesm.

185 1488 271 1533 567
305 1503 393 1533 non
423 1487 609 1547 legatur.
673 1488 748 1534 Sic
779 1488 890 1534 Ach.
924 1490 1010 1534 122
1040 1506 1158 1535 nunc
1189 1489 1336 1534 editur
1366 1488 1420 1532 οὔ
1463 1489 1606 1546 δήπου
1648 1491 1725 1547 (cf.

185 1570 380 1626 Elmsl.;)
411 1570 657 1615 E0c1.526
688 1585 747 1613 ex
761 1571 1017 1629 conjectura
1048 1569 1271 1634 Theodori
1290 1553 1493 1629 Hansing
1524 1571 1586 1625 (in
1614 1569 1727 1614 Phil.

185 1649 287 1696 VII.
322 1651 427 1710 196)
459 1649 515 1694 ου
546 1650 655 1709 δῆτα
685 1667 768 1711 pro
801 1650 855 1694 οὗ
887 1651 945 1708 δή
977 1630 1232 1704 ediderunt;
1271 1652 1380 1715 Rati⁴
1420 1651 1509 1694 526
1550 1648 1608 1693 ου’
1646 1650 1729 1707 δή·

183 1746 272 1774 που
302 1732 537 1791 legendum
571 1746 665 1775 esse
696 1733 742 1775 in
772 1722 991 1792 particula
1021 1731 1098 1776 illa
1127 1730 1272 1801 δήπου
1323 1730 1584 1776 videbimus.
1644 1730 1728 1775 Re·

183 1821 272 1859 stat
301 1821 350 1858 ut
373 1815 467 1873 jam
511 1814 608 1857 dixi
650 1814 829 1857 Thesm.
876 1814 975 1869 567,
1015 1816 1062 1857 in
1106 1829 1193 1873 quo
1234 1829 1386 1865 versu,
1433 1828 1567 1872 quum
1608 1794 1725 1872 quod

183 1895 439 1939 Brunckius
472 1895 612 1939 voluit
644 1894 802 1937 οὔποτε
830 1894 896 1950 μοὶ
929 1896 985 1937 Δι’
968 1911 1016 1936 ια
1047 1900 1167 1938 recte
1189 1910 1215 1938 a
1230 1894 1425 1951 Reisigio
1440 1892 1668 1952 (ConJectt.
1691 1893 1726 1936 Ι.

183 1992 226 2036 Ρ.
260 1976 358 2033 126)
391 1982 605 2020 remotum
638 1976 705 2032 sit,
736 1975 811 2029 (cf.
841 1974 1074 2020 Fritzschii
1107 1974 1287 2039 Quaest.
1307 1972 1528 2041 Aristoph.
1551 1973 1590 2017 Ι.
1616 1973 1726 2033 176),

184 2073 243 2101 ex
283 2057 499 2102 librorum
547 2057 767 2116 scriptura
807 2054 912 2098 οὐδὲ
967 2059 1031 2110 μὰ
1069 2044 1155 2098 Δία
1197 2071 1223 2098 a
1264 2054 1498 2098 Dindorfio
1535 2054 1726 2112 genuina

183 2138 403 2209 scriptura.
433 2136 487 2180 οὐ
518 2136 574 2194 δή
605 2136 835 2181 enucleata
866 2141 946 2180 est.

302 2503 580 2549 Accedamus
611 2503 668 2549 ad
699 2503 961 2563 particulam
1006 2502 1086 2546 δαί
1123 2516 1237 2561 quae
1267 2515 1326 2544 ex
1355 2505 1554 2544 veterum
1584 2513 1727 2557 gram-

182 2588 443 2630 maticorum
486 2586 736 2629 testimonio
775 2584 884 2627 nihil
922 2583 1044 2627 aliud
1086 2588 1151 2627 est
1180 2582 1264 2625 nisi
1296 2582 1392 2640 ipsa·
1421 2579 1639 2640 particula
1669 2576 1726 2635 δή

183 2667 264 2726 per
295 2666 614 2726 diphthongum
645 2667 809 2724 scripta
840 2664 909 2721 (cf.
921 2665 1073 2708 Herm.
1103 2663 1163 2707 ad
1195 2662 1297 2721 Vig.
1318 2659 1485 2720 p.'845.·
1514 2660 1725 2714 Hartimgss

183 2748 216 2792 Ι.
248 2747 365 2805 320).
425 2746 489 2791 Ut
518 2751 666 2791 autem
695 2744 944 2806 particulae
974 2743 1031 2803 δή
1060 2758 1165 2789 usus
1194 2748 1262 2788 est
1305 2735 1546 2788 admodum
1577 2731 1725 2785 varius

182 2830 246 2873 ita
269 2830 365 2888 jam
398 2834 571 2872 veteres
617 2834 738 2872 recte
782 2833 1106 2887 praeceperunt
1144 2819 1442 2885 grammatici,
1473 2819 1551 2863 dat
1594 2818 1726 2881 parti·
