1920 3109
933 73 990 117 21

191 198 409 258 spondent
435 186 680 256 particulae
707 196 832 242 aliae.
865 196 942 241 Sic
970 199 1054 251 μὲν
1084 194 1242 239 οὖν-δέ
1276 195 1442 254 legitur
1471 195 1556 254 Eq.
1603 197 1732 243 1276.

193 278 330 338 Vesp.
364 276 491 324 1048.
521 275 624 321 Pac.
655 276 756 333 690.
788 274 917 320 1122.
964 275 1070 334 Lys.
1097 274 1202 318 411.
1233 275 1335 319 336.
1383 275 1453 332 (cf.
1482 275 1628 319 Kock.
1659 276 1731 319 ad.

189 359 277 403 Ava
306 357 429 416 371);
459 357 637 414 Thesm.
669 357 772 401 424.
802 356 907 402 449.
942 355 1076 412 1174,
1119 355 1279 414 quibus
1308 354 1417 400 locis
1446 356 1570 414 prius
1598 369 1732 400 mem—

189 440 320 485 brum
351 440 516 499 majore
546 453 646 483 cum
676 439 721 483 vi
752 437 932 482 effertur
974 451 1108 495 quam
1139 424 1352 490 alterum;
1391 437 1474 494 μὲν
1510 434 1730 480 οὖν-ἀλλ’

188 519 308 575 ὅμως
336 521 383 563 in
411 520 608 564 oratione
622 519 829 563 continua
846 518 957 561 Ran-
977 516 1090 570 5993
1120 517 1202 570 μὲν
1231 513 1313 558 υῦν
1329 542 1384 548 -
1398 516 1504 583 εἶτα.
1526 516 1648 562 Nub.
1671 518 1729 561 66

188 601 292 645 Pac.
322 600 423 645 560.
456 599 525 657 (cf.
555 600 744 657 interpp.
775 597 833 642 ad
865 598 980 641 Xen.
1012 595 1128 640 Hell.
1158 595 1215 640 Π.
1245 596 1289 639 2.
1322 596 1405 653 17).
1516 593 1530 596 ”

204 706 206 708 v
269 677 409 724 .'Jam
429 691 545 723 vvero
588 677 697 722 haec
728 678 860 721 missa
905 677 1053 720 facere
1099 690 1346 735 possumus,
1390 682 1438 719 ut
1467 677 1729 721 accedamus

188 759 247 804 ad
275 774 400 804 usum
414 758 542 816 longe
574 758 973 816 frequentissimum
1005 756 1121 815 apud
1156 772 1307 800 omnes
1321 771 1504 814 graecos
1526 763 1728 801 auctores

190 854 277 899 quo
305 854 386 898 per
413 838 653 898 particulas
681 837 838 893 μὲν-δέ
861 836 948 881 sibi
973 838 1195 896 oppositas
1226 838 1442 883 rationem
1462 839 1727 896 exprimunt,

189 918 301 976 quae
351 918 584 962 intercedit
628 919 743 961 inter
786 917 960 974 singula
1007 918 1249 960 enuntiata.
1328 917 1549 961 Locorum
1591 919 1727 976 igitur

187 1001 414 1053 numerus,
444 997 519 1056 qui
549 997 636 1041 huc
666 998 907 1055 pertinent,
953 1011 1089 1054 quum
1118 997 1175 1040 sit
1204 1011 1492 1055 permagnus,
1530 1013 1623 1041 rem
1665 999 1728 1043 ita

186 1078 422 1133 instituam,
452 1083 501 1120 ut
531 1077 722 1135 primum
751 1076 809 1120 de
841 1077 904 1119 eis
934 1076 1146 1120 disseram
1176 1077 1233 1119 in-
1261 1076 1422 1135 quibus
1467 1092 1601 1121 unum
1643 1079 1726 1131 μέν

183 1156 418 1215 respondet
447 1157 522 1200 uni
553 1156 614 1212 δέ,
647 1156 806 1200 deinde
838 1171 912 1200 eos
943 1157 1203 1213 examinem,
1246 1156 1405 1215 quibus
1436 1156 1564 1216 plura
1592 1172 1726 1201 mem-

186 1234 269 1278 bra
289 1221 644 1294 >perparticulas
670 1237 752 1290 μὲν
781 1242 826 1279 et
855 1235 906 1277 δέ
936 1236 1273 1294 conjunguntur.

250 1298 254 1301 .
299 1308 369 1358 Ac
397 1315 609 1373 primum,
656 1313 855 1373 ut‘apud
885 1320 1054 1359 ceteros
1084 1321 1284 1360 auctores
1314 1316 1377 1360 ita
1407 1315 1529 1375 apud
1562 1315 1724 1361 Aristo-

87 1417 89 1419 ·
184 1392 372 1452 phanem
401 1392 487 1438 loci
504 1392 689 1452 entant,
721 1394 880 1453 quibus
908 1395 992 1450 μέν
1022 1401 1067 1439 et
1091 1395 1143 1438 δέ
1161 1395 1404 1455 particulae
1421 1397 1467 1440 in
1485 1396 1724 1457 anaphora,

184 1487 315 1530 quam
346 1473 517 1528 dicunt,
545 1474 623 1528 (cf.
653 1474 853 1517 Bekkeri
884 1474 1060 1532 Anecd5
1100 1491 1143 1534 p.
1177 1476 1276 1520 899.
1315 1477 1418 1520 902.
1478 1476 1619 1535 Apoll.
1665 1478 1722 1522 de

182 1552 305 1610 Synt.
335 1568 378 1611 p.
392 1553 470 1610 47)
501 1553 681 1611 positae,
711 1553 831 1597 idem
861 1554 1048 1599 verbum
1079 1556 1125 1599 in
1154 1562 1340 1615 utroque
1367 1557 1567 1602 membro
1598 1568 1721 1618 repe·

181 1632 308 1676 titum
329 1637 510 1693 augent,
541 1631 660 1691 quod
692 1632 869 1677 dicendi
888 1649 1029 1691 genus
1058 1635 1288 1680 habemus:
1328 1636 1439 1681 Rau.
1471 1637 1560 1683 80.:
1598 1637 1720 1681 ἐύκυ-

181 1711 258 1761 λσς
268 1714 421 1767 μὲν-
438 1712 618 1762 ἓύκολος
648 1713 698 1755 δέ
727 1714 774 1757 ib
799 1715 911 1758 1487
943 1713 1182 1774 ἔπ’ᾰγαθῷ
1209 1719 1291 1771 μὲν
1324 1743 1379 1750 —-
1408 1717 1650 1777 ἐπ’ἄγαθῷ
1669 1718 1722 1762 δέ

180 1791 314 1851 Vesp.
347 1792 669 1850 106οἄλκιμοι
697 1796 781 1850 μὲν
812 1820 866 1827 -
899 1794 1078 1851 ἄλκιμοι
1108 1795 1185 1850 δές
1226 1796 1287 1841 ib.
1319 1797 1407 1843 678
1447 1797 1594 1842 πολλοὶ
1632 1802 1718 1856 μὲν

181 1896 237 1923 -τ
260 1870 414 1921 ,πολλοὶ
444 1872 495 1915 δέ
500 1892 518 1927 ,-
548 1874 635 1918 Av.
663 1875 774 1919 331:
805 1876 977 1933 παρέβη
996 1878 1080 1931 μὲν
1109 1902 1169 1910 —
1187 1927 1190 1930 p
1209 1879 1382 1936 παρέβη
1407 1877 1482 1934 (56,-
1513 1880 1572 1925 ib.
1603 1881 1714 1926 477:

178 1952 374 2011 πρότεροι
409 1956 491 2010 μὲν
524 1980 584 1987 --
621 1954 825 2013 πρότεροι
868 1955 943 2009 155,-
984 1956 1165 2012 Thesm2
1207 1958 1320 2003 352:
1362 1960 1490 2003 τέλεα
1530 1965 1615 2017 μὲν
1657 1988 1717 1997 —-

176 2032 302 2075 τέλεα
320 2032 380 2075 -δε
410 2033 506 2090 (ubi
535 2035 647 2078 Rav.
676 2037 763 2089 τέ),·
795 2035 911 2080 Plut.
929 2037 1044 2082 502:
1073 2037 1231 2080 πολλοὶ
1251 2041 1339 2092 μὲν,
1360 2065 1419 2072 —
1449 2041 1608 2084 πολλοὶ
1638 2043 1714 2097 «55,-

111 2104 113 2106 ’
178 2112 262 2171 Eq.
291 2112 394 2158 540.
424 2112 509 2158 Av.
543 2114 671 2159 1398.
700 2115 792 2158 τότε
820 2098 904 2171 μὲν
942 2142 999 2149 -
1040 2116 1133 2160 τότε
1163 2116 1235 2172 δέ,
1265 2118 1351 2168 Av.
1383 2120 1484 2166 637.
1515 2121 1601 2164 ὅσα
1630 2125 1715 2178 μὲν

176 2215 233 2223 -
264 2191 351 2234 ὅσα
381 2191 452 2246 δές
493 2199 539 2236 et
578 2194 757 2238 mutatis
787 2196 863 2254 qui
902 2195 1142 2254 loquuntur
1184 2200 1382 2257 personis
1411 2199 1495 2253 ἐγώ
1539 2203 1624 2256 μὲν
1657 2230 1703 2235 —r

176 2273 260 2326 ἐγώ
291 2273 342 2315 δέ
371 2272 482 2319 Ach.
514 2274 618 2317 620.
644 2274 745 2331 Lys.
765 2276 877 2329 3743
911 2275 1101 2336 denique
1131 2280 1186 2321 σὲ
1206 2282 1427 2334 μὲν-σὲ
1459 2280 1511 2324 δέ
1529 2282 1710 2328 Thesm.

178 2354 316 2398 1062..
334 2353 404 2411 (cf.
436 2353 648 2398 Fortsch:
680 2369 837 2399 comm.
868 2358 964 2401 crit.
997 2358 1054 2402 de
1084 2358 1248 2417 Lysiae
1278 2366 1324 2404 et
1340 2361 1569 2407 Demosth.
1600 2363 1708 2409 locis

172 2450 213 2493 p.
247 2435 316 2478 19.
346 2435 416 2479 20.
451 2434 648 2490 Kiihner.
680 2435 752 2480 ad.
783 2435 899 2496 Exp.
921 2438 1029 2497 Cyn-
1059 2440 1092 2483 Ι.
1124 2441 1166 2485 3.
1180 2441 1270 2497 .6.);
1302 2442 1461 2501 quibus
1489 2443 1597 2496 locis
1620 2460 1709 2491 non

170 2530 344 2574 semper
374 2515 522 2559 verbis
549 2515 764 2571 μὲν-δέ
794 2517 1006 2564 formatur
1016 2522 1244 2580 oppositiO‚
1274 2523 1353 2567 sed
1382 2538 1708 2585 nonnumquam

169 2596 300 2639 etiam
331 2595 446 2638 inter
475 2600 709 2655 utrumque
738 2597 987 2643 membrum
1027 2602 1150 2662 ratio
1181 2602 1414 2667 intercedit
1443 2605 1706 2664 copulativa,

168 2675 286 2721 unde
316 2674 582 2735 explicanda
605 2683 679 2727 ‚est
719 2679 844 2748 varia
886 2679 1016 2726 lectio
1058 2680 1238 2726 Thesm.
1270 2695 1313 2726 v.
1351 2683 1460 2742 352,
1505 2686 1583 2731 ubi
1624 2699 1706 2747 pro

171 2755 297 2802 τέλεα
329 2756 379 2800 δέ
411 2757 520 2802 Rav.
542 2757 668 2801 τέλεα
698 2775 765 2811 τε,
810 2760 906 2806 loco
918 2782 940 2818 ,·
958 2763 996 2806 si
1038 2763 1308 2809 Meinekium
1338 2768 1563 2826 sequimur
1606 2784 1705 2828 spu-
