1920 3109
892 43 987 149 *2⁴3

201 201 618 262 tineatsubjectum‚
646 201 694 247 id
718 201 850 261 quod,
881 202 1173 262 praecedente
1193 202 1406 261 subjecto,
1436 201 1593 247 eodem
1609 202 1739 246 modo

203 283 424 326 invenitur
453 282 533 340 Eq.
564 298 605 325 v.
637 283 706 326 76.
736 282 1026 327 Accusativus
1057 282 1289 339 singularis
1320 269 1406 326 uno
1438 283 1547 326 Rau.
1578 298 1620 325 v.
1651 282 1735 324 901

204 369 349 408 exstat
378 379 464 422 quo
495 364 591 409 loco
622 380 702 423 per
731 364 806 407 τὸν
826 365 917 419 »μὲν
935 361 1212 422 Euripidem
1243 378 1324 421 per
1353 361 1428 405 τὸν
1469 361 1520 405 δέ
1550 362 1740 420 Aeschy-

204 443 294 487 lum
326 443 435 487 dicit
463 443 679 500 Bacchus,
706 443 866 503 plurali
894 456 1079 487 numero
1104 439 1204 491 τούς
1230 442 1314 496 μέν
1347 466 1399 474 -—
1433 441 1534 491 τούς
1557 442 1609 484 δέ
1636 442 1741 500 legi-

204 529 277 572 tur
305 523 424 568 A-eh„
441 525 545 577 442.
585 525 668 583 Eq.
700 524 788 568 774
829 524 935 568 Pac.
976 523 1078 568 492.
1121 521 1247 565 1180.
1280 521 1397 566 Plut.
1444 523 1550 578 596,
1591 522 1669 567 ubi
1695 524 1741 567 vi

205 604 544 657 demonstrativa
574 609 808 663 usurpatus
836 608 904 647 est
921 600 1144 645 articulus
1175 600 1333 645 eodem
1361 601 1494 646 modo
1524 608 1574 645 ut
1604 602 1739 661 Vesp.

210 685 318 729 1137
353 685 645 729 nominativus
673 684 893 743 pluralis,·
919 698 1005 741 quo
1042 672 1155 726 loco
1182 685 1226 724 οἵ
1262 682 1346 737 μὲν
1380 706 1433 714 -
1466 685 1511 724 οἵ
1539 681 1592 724 δέ
1621 681 1741 726 inde-

204 765 325 810 finite
358 763 522 809 dictum
552 769 629 821 est,
660 756 792 823 quum
823 762 1073 822 Vesp.‹43l
1108 767 1151 805 et
1170 761 1281 805 Ran.
1315 761 1372 804 72
1403 760 1580 805 easdem
1611 777 1742 806 voces

211 845 365 889 melius
394 860 475 903 per
497 841 767 899 para-‘pars
796 850 955 887 vertas.
993 844 1135 886 Porro
1166 848 1255 891 τοῖς
1287 844 1526 896 μὲν-τοῖσιν
1556 841 1607 884 δέ
1632 844 1741 886 Rau.

209 923 325 967 1054
353 923 545 967 exhibet.
575 923 777 982 Denique
809 920 966 967 neutra
995 922 1041 964 τὸ
1057 924 1155 977 ’μὲν
1184 927 1229 966 et
1253 922 1305 963 τὰ
1335 923 1419 977 μέν
1450 921 1742 981 respondente

205 1004 260 1046 τὰ
297 1002 348 1045 δέ
395 1010 439 1046 et
472 1003 522 1046 τὰ
564 1002 614 1045 δέ
652 1004 770 1061 apud
812 1002 1153 1060 Aristophanem
1207 1002 1435 1058 leguntur,
1477 1008 1525 1045 et
1565 1001 1743 1059 quidem

208 1084 331 1143 prius
345 1082 457 1127 Ach.
474 1083 561 1127 813
576 1082 653 1127 ubi
668 1082 945 1127 additavoce
963 1080 1119 1139 ἅτερον
1136 1081 1407 1141 praecedens
1422 1080 1743 1126 substantivum

208 1162 420 1219 χοιρίδια,
460 1163 579 1221 quod
609 1163 668 1206 ad
698 1168 929 1221 utrumque
959 1162 1240 1206 referendum
1287 1169 1353 1206 est
1395 1163 1645 1207 membrum
1682 1177 1743 1205 se-

208 1258 359 1302 quens,
390 1244 514 1300 quasi
542 1244 777 1300 repetitum
808 1243 892 1300 Eq.
925 1242 994 1297 76,
1025 1257 1111 1300 quo
1142 1242 1239 1286 loco
1270 1242 1590 1287 substantivum
1622 1257 1745 1300 prae-

208 1321 327 1366 cedit
355 1323 400 1365 in
430 1337 560 1365 versu
576 1321 863 1378 antecedenti,
893 1321 999 1380 Lys.
1015 1321 1104 1365 568
1136 1328 1180 1365 et
1210 1312 1324 1378 5703
1355 1322 1475 1365 Eccl.
1491 1322 1578 1365 623
1611 1336 1745 1380 quum

209 1402 260 1446 τά
286 1403 369 1459 μὲν
398 1428 455 1436 -
484 1406 537 1445 τὰ
569 1400 621 1445 δέ
660 1401 954 1462 praecedente
999 1402 1197 1461 subjecto
1243 1402 1446 1461 legantur
1485 1401 1598 1446 Ach.
1630 1402 1743 1459 9753

208 1488 416 1542 sequente
445 1484 492 1525 in
507 1496 784 1540 unoquoque
814 1482 1034 1526 membro:
1065 1481 1189 1525 Eccl.
1220 1481 1320 1526 654.
1381 1482 1545 1526 Similis
1577 1489 1642 1525 est
1662 1482 1743 1525 Av.

209 1563 296 1608 843
325 1563 420 1607 ubi?
446 1562 581 1606 habes
611 1564 686 1605 τὸν
725 1564 807 1618 μὲν
840 1588 893 1594 -
924 1563 1070 1620 ἕτερον
1110 1560 1175 1604 δέ.
1236 1562 1440 1607 Breviter
1480 1546 1747 1607 monendu'm
1835 1589 1850 1591 e

209 1649 276 1687 est
303 1643 386 1687 hoc
418 1644 462 1687 in
493 1642 672 1686 dicendi
700 1658 874 1700 genere,
905 1643 941 1686 si
972 1642 1099 1701 plura
1143 1648 1384 1701 sequuntur
1430 1643 1647 1698 membra,
1694 1658 1747 1687 ea

207 1738 289 1782 per
320 1721 371 1764 δέ
400 1722 552 1766 inferri
581 1727 631 1765 ut
658 1721 793 1781 Vesp.
822 1722 926 1767 431.
956 1722 1059 1780 Lys.
1094 1722 1162 1765 17.
1196 1737 1330 1783 quum
1361 1722 1489 1782 plura
1520 1723 1576 1766 de
1603 1722 1670 1766 his
1700 1723 1746 1766 in

209 1801 426 1862 particula
455 1800 507 1844 δέ
552 1802 785 1847 tractanda
824 1802 1091 1861 proferenda
1130 1803 1229 1847 sint.
1288 1803 1430 1848 Porro
1472 1803 1746 1862 aliquatenus

210 1881 344 1926 etiam
372 1880 439 1924 his
469 1881 718 1939 anaphorae
749 1882 963 1941 exemplis
995 1898 1048 1925 ea
1064 1888 1165 1925 sunt
1179 1882 1524 1938 adnumeranda,
1554 1883 1633 1928 ubi
1647 1899 1746 1928 con-

200 1961 372 2018 junctio
405 1961 619 2018 quaedam
651 1967 751 2005 ante
769 1963 851 2016 μέν
881 1967 925 2004 et
944 1960 996 2003 δέ
1023 1962 1238 2019 repetitur
1267 1968 1317 2005 ut
1338 1962 1458 2020 apud
1487 1961 1747 2023 Aristopha-

206 2055 308 2085 nem
355 2041 603 2085 invenimus
650 2042 704 2097 ἢν
743 2042 826 2097 μὲν
864 2066 916 2073 -
959 2041 1014 2097 ἢν
1055 2039 1107 2083 δέ
1148 2040 1285 2099 Vesp.
1330 2041 1432 2085 393.
1460 2040 1589 2085 Plut.
1643 2041 1745 2086 247.

208 2121 308 2165 350.
339 2120 379 2162 εἰ
406 2122 489 2176 μὲν
519 2147 573 2153 -
597 2121 645 2163 εἰ
674 2120 727 2163 δέ
755 2104 840 2179 Eq.
873 2121 971 2164 764.
1004 2122 1137 2179 vesp.
1167 2121 1270 2165 572.
1299 2122 1405 2165 Pae.
1439 2122 1541 2176 212,
1582 2137 1668 2180 qua
1698 2124 1744 2166 in

208 2200 399 2245 dictione
432 2202 563 2244 etiam
593 2201 734 2244 omitti
763 2215 891 2260 posse
919 2201 1004 2255 μέν
1032 2201 1153 2244 testis
1185 2206 1250 2244 est
1279 2200 1396 2244 Nub.
1414 2217 1454 2243 v.
1482 2200 1585 2245 229.
1656 2237 1659 2241 ,

324 2280 505 2325 Praeter
534 2279 613 2324 hos
642 2280 762 2324 locos
791 2279 952 2336 μὲν-δέ
980 2281 1222 2340 particulae
1253 2281 1372 2340 apud
1400 2280 1743 2340 Aristophanem

199 2362 311 2404 ,satis
343 2359 487 2403 multis
518 2359 625 2403 locis
669 2362 874 2417 leguntur
915 2361 962 2403 in
1002 2360 1238 2405 enuntiatis
1277 2375 1409 2418 quae·
1431 2374 1511 2419 per
1550 2376 1597 2404 se
1643 2376 1743 2405 con—

205 2444 343 2494 stant,
375 2446 419 2483 et
447 2441 640 2499 primum
671 2440 851 2498 quidem
882 2440 965 2496 ita,
1009 2446 1057 2484 ut
1085 2441 1132 2484 in
1163 2439 1320 2485 eodem
1351 2456 1482 2485 versu
1513 2444 1562 2484 et*
1578 2441 1742 2500 positio

205 2519 427 2579 primaria,
459 2534 540 2576 per
567 2520 650 2575 μέν
679 2520 942 2576 introducta,
975 2526 1019 2564 et
1047 2520 1310 2565 secundaria
1341 2536 1449 2564 voce
1474 2518 1526 2565 δέ
1555 2519 1742 2578 adjecta,

207 2599 422 2657 legantur,
454 2614 541 2658 qua
569 2601 616 2643 in
645 2616 694 2644 re
724 2600 967 2660 particulae
997 2600 1156 2656 μὲν-δέ
1172 2601 1395 2646 interdum
1426 2605 1637 2645 nontam
1667 2600 1742 2645 ad-

204 2680 426 2723 versativa
462 2681 507 2722 vi
550 2679 779 2737 leguntur,
827 2696 958 2739 quam
999 2681 1272 2739 copulativa,
1310 2682 1373 2724 ita
1410 2686 1478 2725 ut·
1500 2682 1738 2735 enuntiata,

206 2759 319 2803 inter
358 2773 470 2818 quae
500 2760 683 2807 interior
712 2766 856 2806 nexus
882 2760 1121 2805 intercedit
1151 2760 1305 2816 nullus,
1336 2766 1521 2804 externa
1551 2759 1740 2818 quadam
