1920 3109
905 115 964 160 68

170 239 360 284 rativum
389 244 433 283 et
463 239 852 296 interrogationes,
899 238 1064 297 quippe
1110 238 1155 282 in
1195 238 1357 297 quibus
1401 254 1575 298 semper
1610 238 1715 284 insit

169 319 470 378 imperativus,
500 334 635 378 quum
668 320 743 377 qui
764 320 1008 376 interrogat
1029 333 1285 377 responsum
1316 319 1403 364 sibi
1424 319 1521 364 dari
1546 318 1714 377 „iubeam

168 407 300 458 atque
332 400 399 443 his
429 400 550 455 locis,
580 399 712 442 modo
743 415 796 442 ea
825 406 992 455 teneas,
1023 414 1135 457 quae
1167 399 1225 442 de
1257 400 1378 443 vocis
1395 400 1713 456 significatione

170 480 290 524 dicta
319 486 421 524 sunt
450 478 507 536 δή
548 478 712 523 reddas
756 495 865 523 voce
909 483 1070 535 „iam‘fi
1132 478 1241 524 Loci
1290 486 1409 524 sunt:
1463 479 1580 524 Nub.
1611 479 1712 532 778.

172 560 300 602 1097.
330 561 436 603 Pac.
466 552 566 604 327.
598 559 685 602 Av.
720 560 818 605 175.
850 559 1026 603 Thesm.
1044 560 1144 602 214.
1180 561 1306 611 1092,
1335 559 1559 603 Ran.·647.
1592 558 1713 601 Eeel.

172 641 299 685 1014.
328 639 446 685 Plut.
479 656 522 684 v.
556 639 641 685 227
658 674 671 696 ,
702 640 862 698 quibus
892 641 1039 684 statim
1072 640 1181 684 duos
1211 640 1331 685 locos
1360 639 1553 696 addam,
1577 653 1712 697 quum

164 720 413 777 persimiles
442 720 542 775 sint,
574 719 750 762 Thesm.
781 735 822 762 v.
856 720 942 764 769
973 719 1050 763 ubi
1081 720 1167 763 sibi
1198 720 1293 779 ipse
1322 719 1562 779 respon'det
1588 720 1712 763 Mne-

167 799 379 856 silochus,
426 807 471 844 et
500 801 625 844 Eccl.
658 817 699 845 v.
731 801 820 844 514
869 801 943 857 (cf.
972 800 1068 844 Inv.
1099 801 1177 844 VI.
1211 800 1319 858 717)
1360 808 1495 843 nsum
1538 804 1613 843 καὶ
1654 800 1710 858 δὴ

167 879 317 922 πάνθ’
346 879 461 936 ὅπερ
492 879 635 936 εἴπας,
662 880 822 937 quibus
852 879 1002 923 verbis
1030 863 1317 938 Praxagorae
1349 880 1584 939 respondet
1613 880 1715 925 cho-

169 975 263 1014 rus,
309 960 398 1017 jam
447 960 614 1003 factum
654 975 770 1012 esse,
813 959 861 1002 id
903 960 1022 1017 quod
1048 976 1107 1003 .v.
1139 961 1225 1005 507
1268 962 1565 1019 imperaverat
1602 961 1740 1021 ipsa.¹

167 1039 340 1083 Eadem
371 1039 691 1098 significatione
723 1042 797 1083 καὶ
828 1038 884 1096 δή
914 1047 1151 1100 usurpatur
1180 1042 1226 1085 in
1256 1040 1444 1086 formula
1483 1042 1597 1084 τουτί
1637 1044 1713 1084 καὶ

167 1120 220 1178 δὴ
251 1128 385 1176 χωρεῖ
412 1121 459 1163 τὸ
489 1122 642 1177 κακόν,
673 1136 786 1179 quae
818 1121 979 1178 legitur
1010 1122 1127 1165 Nub.
1160 1122 1260 1167 905.
1291 1123 1425 1181 Vesp.
1448 1123 1575 1168 1483.
1604 1124 1716 1167 Rau.

169 1202 285 1246 1018
316 1217 446 1259 quem
478 1216 654 1245 versum
687 1201 888 1260 Dionyso
921 1201 1114 1249 dandum
1147 1218 1241 1264 esse
1273 1202 1379 1245 mihi
1409 1205 1631 1261 persuasit
1657 1204 1712 1247 E.

167 1282 223 1325 de
254 1281 463 1325 Leutsch.
524 1281 781 1326 Formulam
820 1281 1128 1341 explicuerunt
1157 1282 1313 1326 Herm.
1360 1282 1418 1327 ad
1449 1284 1565 1328 Nub.
1608 1283 1710 1329 905.

167 1363 263 1405 Inv.
293 1362 373 1405 1v.
405 1378 445 1420 p.
481 1362 583 1406 312.
614 1362 746 1405 Kock
780 1368 823 1404 et
853 1362 1023 1405 Teuffel
1055 1364 1113 1405 ad
1144 1362 1261 1406 Nub.
1280 1364 1379 1407 906.
1420 1363 1495 1406 Ad
1524 1364 1712 1423 simplex
1750 1358 1754 1361 ’
1839 1341 1843 1345 ’

167 1441 225 1499 δή
255 1441 498 1501 particulae
535 1442 611 1483 καὶ
642 1439 696 1498 δή
740 1440 959 1486 accedunt
997 1441 1117 1501 apud
1166 1441 1362 1486 futurum
1410 1443 1515 1502 Lys.
1546 1459 1589 1488 v.
1622 1437 1706 1489 601

167 1523 245 1567 ubi
275 1524 351 1564 καὶ
383 1521 434 1578 δὴ
466 1521 595 1576 μα’ξω
628 1522 720 1564 fere
764 1521 883 1564 idem
910 1528 976 1564 est
1020 1528 1152 1580 atque
1182 1523 1314 1577 μα’ξω
1347 1522 1404 1579 δή
1415 1556 1428 1578 ,
1472 1524 1592 1581 quod
1624 1539 1711 1583 quo

167 1618 297 1646 sensu
334 1601 501 1645 dictum
532 1601 645 1645 foret
675 1601 792 1644 Nub.
830 1600 943 1644 1209
989 1600 1118 1644 docet
1161 1601 1350 1657 φήσουσι
1382 1601 1439 1659 δή
1468 1601 1560 1657 μὀἲ
1590 1602 1714 1659 φίλοι

166 1682 208 1727 h.
242 1698 278 1726 e.
318 1683 413 1726 sine
443 1682 575 1726 dubio
621 1682 764 1726 dicent
803 1681 952 1736 amici,
1003 1697 1091 1739 qua
1135 1681 1191 1724 de
1238 1697 1287 1725 re
1325 1682 1379 1725 cf.
1410 1682 1620 1747 Firnhab.
1651 1684 1711 1730 ad

166 1764 274 1808 Eur.
307 1763 412 1822 Jph.
436 1762 540 1807 Aul.
573 1762 674 1806 747.
706 1762 798 1806 Sed
835 1768 940 1806 nota
970 1762 1007 1805 si
1052 1761 1230 1823 quando
1273 1762 1327 1819 δή
1375 1771 1473 1822 post
1516 1766 1712 1811 futurum

166 1845 357 1903 ponitur,
387 1843 592 1901 exprimi·
609 1857 703 1885 rem
735 1841 892 1887 rex'rera
917 1841 1110 1885 futuram
1126 1856 1234 1896 esse,
1266 1842 1538 1899 Lysistratae
1566 1851 1712 1891 autem

164 1928 251 1970 isto
308 1924 406 1968 loco
448 1924 523 1964 καὶ
562 1921 623 1978 δή
666 1937 746 1981 per
783 1921 1026 1981 ludibrium
1085 1921 1251 1966 dictum
1290 1937 1384 1966 esse
1425 1922 1581 1966 eodem
1621 1923 1714 1968 fere

167 2006 313 2059 modo,
346 2019 435 2062 quo
462 2009 681 2047 nostrates
711 2017 820 2046 voce
851 2009 1033 2046 utuntur
1061 2004 1195 2047 sehon
1225 2005 1270 2046 in
1302 2003 1486 2047 talibus:

345 2083 447 2128 Das
477 2082 791 2139 Honiyyebcick
819 2083 951 2126 werd’
981 2083 1052 2127 ich
1083 2083 1155 2126 dir
1183 2084 1316 2127 sehon
1357 2084 1534 2128 bachen.

285 2165 462 2223 Agmen
493 2163 700 2208 claudant
730 2164 947 2222 exempla,
977 2164 1024 2206 in
1046 2164 1204 2222 quibus
1220 2167 1295 2206 καὶ
1316 2163 1374 2222 δή
1404 2179 1485 2223 per
1506 2165 1604 2220 jam
1618 2162 1718 2209 red-

166 2247 276 2291 dere
306 2261 559 2305 possumus,
590 2260 776 2301 quorum
809 2244 897 2289 duo
936 2250 1106 2289 tantum
1138 2251 1313 2289 exstant
1352 2246 1397 2288 in
1436 2246 1595 2304 quibus
1637 2248 1718 2294 καὶ

167 2326 299 2371 simul
344 2327 481 2370 nexui
525 2341 625 2369 cum
672 2325 1035 2370 antecedentibus
1081 2326 1276 2369 inservit.
1346 2326 1452 2370 Pac.
1497 2327 1596 2370 178.
1637 2327 1718 2370 Av.

175 2409 304 2462 1251,
333 2408 412 2452 ubi
446 2407 550 2451 olim
580 2407 824 2451 lectitatum
857 2409 932 2449 καὶ
962 2406 1133 2464 δήποτε,
1178 2406 1310 2465 quod,
1339 2408 1378 2450 si
1409 2412 1521 2450 esset
1556 2395 1720 2452 Aristo·

166 2489 407 2549 phaneum,
439 2493 552 2532 esset
585 2492 744 2544 „atque
775 2489 913 2532 adeo“
946 2487 1024 2546 (cf.
1058 2487 1201 2546 Toup.
1233 2486 1291 2531 ad
1320 2486 1509 2546 Longin.
1538 2503 1582 2548 p.
1616 2488 1719 2546 162)

169 2570 216 2613 in
245 2572 320 2611 καὶ
358 2568 415 2625 δή
457 2583 561 2619 ποτε
603 2575 724 2612 recte
765 2570 953 2612 mutavit
997 2568 1196 2612 Brunck.
1243 2568 1361 2626 quod
1413 2574 1479 2613 est
1519 2574 1589 2624 „et
1619 2572 1720 2624 jam

172 2650 468 2706 aliquando“;
514 2649 562 2692 in
614 2648 795 2708 reliquis
832 2648 1035 2695 omnibus
1083 2652 1156 2690 καὶ
1200 2647 1252 2706 δή
1297 2649 1430 2693 idem·
1462 2664 1556 2694 esse
1597 2641 1722 2707 'quod

172 2730 258 2788 ἤδη
288 2730 411 2773 salva
439 2730 803 2788 interpretatione
839 2728 1244 2788 nostraHesychio
1288 2729 1533 2778 concedere
1573 2742 1723 2786 possu—
1760 2782 1763 2786 Δ

176 2827 296 2867 mus,
336 2826 472 2869 quum
502 2809 615 2855 aliae
644 2809 888 2869 particulae
916 2811 1054 2855 nexui
1085 2810 1344 2866 inserviant,
1378 2810 1455 2851 καὶ
1484 2804 1541 2866 δή
1572 2814 1720 2854 autem
