1920 3109
205 161 251 205 in
283 161 440 206 eadem
474 153 652 209 dicendi
680 167 852 213 ratione
869 164 1015 214 'etiam
1051 165 1254 216 alterum*
1280 172 1331 215 δέ
1373 170 1759 231 alter-umquem&

205 252 332 301 posse
354 244 519 308 omitti,
553 245 696 291 itam
718 247 891 294 *habeas

684 319 794 405 νμέν
824 376 881 384 -
914 368 939 396 o
974 345 1197 401 -”δέ’-
1231 368 1255 397 ο

912 423 1109 439 Μ
1141 428 1143 430 ’

730 454 1222 484 Μ

205 526 334 571 docet
364 527 448 588 Eq.
481 544 522 571 v.
561 529 676 573 1295
707 529 785 574 ubi
824 537 924 590 post
965 529 1105 596 αὔτόν
1147 517 1426 577 desideratur
1463 533 1645 580 alterum
1676 537 1760 593 μέν

207 613 252 652 et
279 614 379 667 post
410 609 553 665 φάσιν
584 626 624 653 v.
672 612 788 656 1300
833 612 1019 656 alterum
1055 602 1107 655 δέ
1149 614 1268 672 quod
1311 615 1575 674 respondeat
1618 619 1755 675 priori

202 679 298 744 μέν.
362 688 596 749 Aliquanto
628 692 831 736 usitatior
861 692 907 736 id
941 698 1019 750 est,
1050 699 1099 738 ut
1127 695 1322 740 secundo
1352 681 1550 742 membro
1581 697 1754 757 periodi

203 769 343 813 altera
373 771 635 828 subjiciatur
652 773 861 830 periodus
883 773 1093 831 bipartita
1122 776 1471 833 perrparticulas
1499 779 1583 830 μέν
1615 785 1658 821 et
1689 778 1753 822 δέ.

158 869 161 873 ·
202 850 356 895 Habes
389 851 504 896 hunc
536 868 662 897 usum
722 852 834 898 Ach.
879 854 967 900 600
999 855 1092 914 sqq.
1136 855 1252 901 Nub.
1287 844 1415 903 1401.
1454 856 1621 903 Thesm.
1661 844 1747 905 '821

201 947 294 994 sqq.
329 933 472 976 855-
478 933 579 976 860.
611 933 722 977 Ran.
755 918 827 978 80.
858 934 927 977 82.
961 935 1090 978 1298.
1129 935 1256 979 1301.
1291 936 1458 980 Contra
1488 945 1554 981 sat
1601 938 1750 983 multis

199 1013 308 1058 locis
340 1013 477 1057 habes
507 1013 773 1079 particulam
807 1013 858 1057 δέ
889 1015 1057 1073 pluries
1088 1023 1187 1076 post
1215 1018 1299 1072 μέν
1344 1017 1530 1075 illatam,
1572 1018 1627 1062 de
1654 1036 1752 1080 qua

198 1109 247 1138 re
286 1095 333 1137 in
383 1094 602 1158 particula
644 1094 696 1137 δέ
740 1095 977 1141 dicendum
1010 1097 1106 1167 erit3
1137 1112 1224 1156 quo
1255 1099 1298 1141 in
1317 1113 1398 1143 usu
1431 1100 1493 1142 eis
1523 1098 1642 1168 locis,
1674 1099 1751 1170 ubi

197 1175 425 1235 particulis
454 1178 559 1231 μὲν·
539 1175 616 1223 -δέ
646 1177 847 1241 membra
876 1192 964 1221 non
994 1184 1084 1222 tam
1116 1186 1404 1241 opponuntur
1437 1194 1587 1240 quam
1616 1167 1749 1252 copti·

197 1256 356 1313 lantur,
388 1257 619 1316 sequentia
648 1272 730 1324 per
762 1272 894 1302 voces
927 1258 1002 1300 καί
1034 1264 1078 1302 et
1107 1259 1152 1301 τέ
1163 1265 1365 1318 possunt
1395 1259 1548 1303 inferri
1579 1265 1627 1305 ut
1658 1249 1743 1321 Eq.

198 1337 299 1382 305.
331 1338 438 1381 Pac.
474 1338 600 1382 1246.
633 1338 718 1382 Av.
751 1339 853 1382 977.
883 1339 989 1397 Lys.
1026 1325 1151 1407 1152.
1173 1339 1302 1398 Eccl.
1339 1340 1465 1392 1112.

317 1439 392 1484 De
422 1439 666 1498 particulae
695 1441 779 1495 μέν
814 1440 1031 1499 positione
1048 1455 1191 1499 pauca
1205 1419 1379 1487 tantum
1406 1440 1614 1493 addenda
1631 1448 1745 1488 sunt.

197 1520 289 1566 Ubi
322 1522 438 1566 enim
485 1520 732 1581 solitarium
769 1520 994 1569 >habemus
1023 1522 1129 1578 μέν,
1177 1522 1276 1572 voci
1318 1521 1519 1568 additum
1567 1529 1632 1581 est
1673 1524 1744 1572 cui

195 1602 427 1661 augendae
458 1604 656 1660 inservit,
688 1604 764 1648 nbi
797 1605 1024 1663 responsio
1053 1602 1181 1651 adest
1209 1610 1372 1669 notum,
1394 1611 1461 1648 est
1506 1605 1745 1663 particulas

178 1699 283 1729 *non
316 1683 484 1729 debere
522 1690 622 1744 post
663 1692 738 1731 eas
772 1698 919 1744 voces·
946 1682 1155 1748 collocari
1182 1697 1312 1743 ¹>quae·
1331 1710 1334 1714 Α
1351 1683 1438 1730 sibi
1459 1684 1765 1745 'respondent

195 1765 270 1823 (cf.
304 1765 493 1809 Kiilmcr
523 1765 582 1810 ad
612 1765 791 1825 Exped.
824 1757 931 1823 Cyr.
950 1765 986 1829 Ι.
1021 1766 1064 1809 8.
1082 1765 1123 1822 6)
1157 1765 1281 1823 cujus
1310 1766 1375 1813 rei
1405 1772 1460 1812 ut
1473 1766 1592 1824 apud
1624 1765 1745 1821 alios,

192 1847 257 1891 ita
286 1846 406 1906 apud
438 1834 777 1906 Aristophanem
812 1846 1018 1906 exempla
1046 1852 1148 1892 sunt
1177 1854 1247 1890 sat
1274 1844 1424 1894 multa.
1455 1845 1567 1891 Tum
1587 1844 1741 1905 ,logica
1817 1837 1819 1839 ’

193 1928 384 1988 quadam
416 1915 1015 1991 permutatione-membrum
1037 1943 1120 1987 per
1150 1926 1202 1970 δέ
1227 1927 1396 1973 illatum
1427 1941 1514 1972 non
1535 1931 1740 1982 accurate

192 2009 431 2069 respondet
461 1997 601 2070 priori
633 2016 682 2054 ut
713 2010 798 2069 Eq.
830 2009 930 2056 738.
961 2010 1095 2068 Vesp.
1127 2008 1227 2054 607.
1260 2008 1381 2058 Eccl.
1411 2003 1512 2052 586.
1554 1991 1740 2071 Proprie

190 2091 411 2137 notandus
443 2098 510 2136 est
539 2092 646 2151 Lys.
680 2107 729 2156 v..
755 2091 843 2136 662
876 2091 952 2137 ubi
995 2092 1041 2135 in
1079 2091 1201 2136 chori
1243 2091 1438 2141 carmine
1481 2088 1618 2134 habes
1653 2088 1739 2145 μέν

190 2179 235 2217 et
265 2173 317 2215 δέ
346 2174 392 2216 in
427 2174 555 2216 tmesi
587 2172 834 2218 collocatas.
896 2172 1044 2231 Atque
1075 2172 1185 2216 haec
1216 2170 1450 2216 hactenus!
1506 2200 1510 2203 -

310 2273 529 2334 Sequatur
579 2274 798 2335 particula
834 2276 982 2332 μέντοι
1028 2274 1104 2333 (cf.
1136 2274 1421 2332 Hoogeveen.
1453 2273 1590 2318 doctr.
1623 2278 1735 2332 part.

194 2372 237 2417 p.
271 2357 352 2400 361
405 2372 497 2416 sqq.
539 2357 693 2401 Herm.
725 2356 781 2401 ad
811 2357 963 2415 Viger.
995 2371 1036 2416 p.
1067 2356 1168 2400 839.
1221 2355 1352 2400 Klotz
1392 2355 1450 2399 ad
1481 2354 1646 2398 Devar.
1676 2354 1735 2400 Π.

189 2438 275 2482 663
314 2439 534 2494 Hartung.
568 2438 686 2481 Part.
716 2438 772 2481 11.
805 2439 904 2482 393.
938 2437 1107 2481 Bauml.
1148 2437 1270 2481 Part.
1315 2452 1357 2495 p.
1401 2437 1521 2490 247.)
1561 2437 1607 2479 in
1650 2451 1736 2494 qua

189 2518 444 2579 usurpanda
476 2518 790 2578 Aristophanes
821 2519 865 2562 in
913 2519 1096 2577 singulis
1128 2518 1369 2564 comoediis
1401 2519 1559 2562 mirum
1601 2530 1736 2575 quan—

187 2607 279 2644 tum
314 2601 473 2650 differt.
519 2601 663 2659 Atque
695 2602 846 2644 mirari
879 2601 1063 2661 fortasse
1095 2600 1251 2659 aliquis
1282 2606 1439 2660 posset,
1472 2613 1605 2658 quum
1637 2612 1734 2665 par-

188 2682 325 2727 ticula
354 2684 505 2738 καίτοι,
539 2682 586 2725 id
620 2682 738 2741 quod
771 2682 888 2726 infra
921 2682 1185 2739 videbimus,
1226 2683 1270 2725 in
1303 2681 1433 2725 Pacis
1463 2678 1612 2723 fabula
1644 2693 1730 2722 non

183 2766 458 2820 inveniatur,
499 2765 631 2808 etiam
661 2764 808 2819 μέντοι
841 2765 886 2807 in
917 2763 1000 2807 hac
1032 2763 1182 2808 fabula
1213 2762 1280 2807 bis
1322 2767 1491 2805 tantum
1529 2760 1732 2815 inveniri,
