1920 3109
914 104 972 152 78

151 231 305 276 dicere
334 228 509 275 recusat
540 230 761 290 quomodo
786 233 885 276 ‘seni
916 233 988 277 sit·
1003 230 1325 292 accubantium,
1354 230 1580 282 exclamat
1600 238 1699 288 πῶς

153 312 252 366 δαί;
284 326 397 370 quae
426 306 579 366 verba,
610 324 700 371 qua
717 327 829 356 voce
847 313 1174 358 exclamaverit
1186 320 1230 358 et
1246 322 1393 374 'quem
1401 309 1703 361 demonstrent

153 394 292 437 animi
321 387 549 437 aflectum
566 404 635 436 ex
661 392 811 438 verbis
857 393 1152 439 Philocleonis
1194 390 1330 473 φράζ’
1369 393 1551 448 ἀνύσαςἱ
1580 402 1701 457 patet

154 489 271 532 quae
302 473 451 532 paullo
480 488 617 533 supra
646 473 866 531 leguntur
937 519 941 522 ,
998 484 1001 487 ’
1076 495 1080 498 ⁴

275 554 458 598 Restant
487 553 572 598 loci
601 556 735 612 pauci
765 566 963 611 numero,
994 556 1039 599 in
1071 557 1233 615 quibus
1264 557 1342 600 δαί
1360 558 1579 617 particula
1607 572 1699 603 mu—

56 671 59 673 ,
153 650 260 679 nere
292 634 350 691 δή
368 633 552 699 yoculae
582 633 783 692 fungitur
811 640 910 694 post
925 649 1081 690 vocem
1111 636 1475 698 interrogativam
1501 639 1577 694 τίς,
1609 651 1696 698 quo

157 715 214 759 de
246 714 425 759 dicendi
455 729 538 758 usu
568 721 689 758 recte
721 714 908 760 Teuffel.
939 714 999 759 ad
1029 716 1149 763 Nub.
1182 732 1223 760 v.
1245 718 1361 772 1266
1389 717 1602 770 lectorem
1630 733 1699 764 re-

96 853 98 855 ,
146 797 324 856 ‘legasse
356 794 532 840 videtur
547 794 607 839 ad
636 809 689 839 ea
719 810 832 855 quae
848 795 957 841 dicit
967 795 1216 858 Stallbaum
1241 796 1300 843 ad
1319 797 1433 846 Plat.
1447 798 1698 863 Euthyphr.

153 895 198 939 p.
229 879 283 922 21
319 892 383 935 sq.
432 876 599 930 atticOS,
631 877 807 935 quando
839 893 939 921 cum
969 878 1131 941 affectu
1162 878 1353 939 quodam
1394 880 1529 923 animi
1561 882 1698 926 inter-

155 963 377 1017 rogarent,
410 956 616 1002 vocabuli
647 957 844 1016 pleniore
875 958 1017 1002 forma
1046 974 1147 1003 usos
1188 974 1294 1004 esse.
1351 960 1407 1005 In
1445 960 1553 1007 locis
1589 978 1696 1007 vero

153 1041 262 1100 ipsis
294 1053 428 1097 quum
458 1037 568 1080 nihil
597 1037 702 1081 insit
733 1038 851 1097 quod
886 1038 1181 1097 explicatione
1211 1045 1362 1098 egeat,
1398 1041 1484 1100 ipsi
1523 1056 1698 1100 enume-
1773 1067 1776 1070 ·

152 1126 319 1166 rentur.
382 1118 494 1163 Sunt
532 1118 639 1162 Ach.
675 1118 774 1174 105,
807 1119 883 1162 ubi
925 1127 1074 1163 tamen
1115 1123 1264 1164 nescio
1304 1136 1410 1165 num
1450 1119 1554 1165 δἀὗ
1594 1138 1696 1167 cum

152 1204 262 1247 Rav.
293 1198 532 1257 legendum
562 1200 640 1255 sit,
683 1214 818 1257 quum
848 1214 936 1243 non
964 1193 1400 1264 supervacanea3sit.
1427 1198 1487 1243 αὖ
1526 1202 1696 1259 vocula,

150 1284 232 1329 sed
262 1296 427 1326 nov-um
444 1279 665 1338 quendam
690 1278 974 1359 eundemque
994 1282 1257 1325 vividiorem
1284 1282 1476 1326 colorem
1506 1283 1693 1327 orationi

150 1364 301 1419 addat,
331 1363 417 1421 Eq.
449 1376 489 1405 v
523 1360 624 1404 351.
657 1358 775 1404 Nub.
811 1360 940 1404 1266
950 1356 1076 1405 Pae
1085 1361 1191 1405 929.
1222 1363 1282 1419 τῷ·
1313 1357 1411 1417 δαι;
1442 1362 1547 1407 Pac.
1566 1363 1693 1408 1224
1776 1348 1779 1351 ⁴

151 1444 330 1488 Thesm.
376 1440 474 1483 140.
516 1441 578 1489 τίς
611 1438 710 1492 δαίς
751 1439 875 1483 Eccl.
917 1441 1004 1483 978
1034 1455 1110 1482 wi
1143 1438 1696 1499 da13-(Thesm.v.632

149 1524 261 1570 falso
290 1523 328 1566 τί
344 1520 422 1565 δαί
450 1521 591 1576 τρίτον
622 1520 677 1563 cf.
709 1520 926 1564 Fritzsch.
959 1536 1000 1564 a.
1021 1519 1064 1564 h.
1097 1519 1126 1564 l.
1139 1520 1291 1565 Elmsl.
1305 1521 1362 1565 ad
1384 1522 1491 1565 Ach.
1514 1539 1554 1566 v,
1576 1523 1696 1581 105).

149 1607 331 1650 Thesm.
364 1602 452 1647 889
483 1607 604 1644 recte
633 1600 743 1643 mihi
784 1600 967 1659 quidem
995 1594 1267 1652 Fritzschius
1307 1601 1481 1647 dedisse
1518 1602 1695 1649 videtur

143 1689 189 1730 -τί
210 1686 266 1742 δῆ
282 1685 336 1727 σὺ
367 1682 448 1726 aaz&
466 1682 559 1726 :sed
589 1683 732 1726 fateor
763 1681 817 1725 de
849 1682 933 1725 hac
964 1697 1012 1725 re
1045 1682 1220 1725 diversa
1249 1697 1376 1740 posse
1407 1684 1553 1727 statui.
1583 1684 1692 1728 Ver-

148 1783 225 1812 sus
257 1767 352 1810 sine
385 1763 522 1807 dubio
553 1763 753 1806 trimeter
789 1768 857 1805 est
894 1762 1091 1820 tragicus
1133 1761 1212 1806 sed
1253 1762 1310 1806 ob
1356 1762 1405 1806 id
1442 1764 1528 1807 nisi
1567 1763 1694 1809 fallor

149 1863 306 1892 vocem
338 1845 416 1888 δαί
456 1858 665 1903 spernere
708 1859 796 1886 non
838 1843 1032 1887 debebat
1066 1843 1155 1886 ille.
1215 1844 1255 1886 Ε
1287 1841 1467 1902 tragicis
1514 1844 1694 1911 quidem

148 1928 327 1972 omnino
357 1924 643 1969 eximendam
666 1940 768 1968 esse
807 1924 921 1968 hanc
962 1940 1115 1968 vocem
1145 1924 1399 1969 Brunckius
1440 1926 1593 1970 statuit
1635 1925 1691 1970 ad

149 2011 257 2053 Eur.
288 2007 408 2051 Med.
440 2022 481 2049 v.
526 2007 652 2062 1011,
689 2007 998 2049 cuiassentitur
1028 2006 1251 2057 Porsonlus
1281 2005 1341 2049 ad
1370 2006 1480 2050 Eur.
1516 2006 1689 2051 Hecub.

156 2090 280 2144 1008,
311 2087 391 2131 sed
411 2087 508 2145 jam
541 2085 756 2129 Matthiae
790 2085 849 2128 ad
877 2085 1188 2137 Hecub.1232
1221 2081 1340 2130 certa
1370 2085 1516 2130 attulit
1544 2101 1694 2129 exem-

146 2170 222 2229 pla
253 2168 414 2226 quibus
445 2166 567 2209 vocis
597 2165 819 2208 civitatem
850 2165 898 2208 in
927 2164 1145 2224 Euripide
1175 2164 1335 2225 saltum
1374 2171 1521 2215 tuetur
1552 2165 1693 2225 (plura

148 2268 191 2295 v.
225 2266 297 2309 ap.
326 2248 469 2292 Henr.
501 2245 651 2304 Steph.
694 2245 752 2288 H.
793 2261 835 2304 p.
876 2245 1001 2301 814),
1044 2260 1187 2304 neque
1230 2245 1384 2289 dubito
1424 2246 1530 2304 quin
1573 2252 1693 2290 recte

149 2330 316 2375 dixerit
344 2328 400 2372 E.
434 2326 490 2370 de
520 2324 750 2381 Leutsch‚'
770 2326 845 2384 qui
877 2339 1012 2384 quum
1058 2325 1184 2369 nobis
1214 2324 1518 2386 Aristophanis
1547 2325 1694 2391 Ranas

147 2412 420 2470 explicaret,
459 2408 606 2451 statim
636 2407 695 2449 ad
734 2422 776 2449 v.
807 2406 834 2449 6
865 2406 1096 2450 nobiseum
1137 2407 1478 2449 communicavit
1519 2404 1595 2447 δαί
1635 2405 1693 2449 ab

146 2492 357 2545 Homero,
390 2485 625 2545 Aeschylo,
658 2484 875 2545 Sophocle
905 2485 973 2543 (cs.
1004 2484 1203 2529 Ellendt.·
1215 2484 1328 2529 Lex.
1352 2482 1555 2544 Soph.'1.
1584 2484 1694 2543 381)

149 2572 338 2614 alienum
373 2583 490 2622 esse,
521 2582 663 2624 neque
697 2579 802 2609 vero
833 2566 890 2608 ab
921 2564 1153 2623 Euripide.
1217 2565 1278 2608 Ut
1307 2579 1414 2609 vero
1447 2563 1695 2608 Fritzschio

148 2652 394 2697 adsentiam
406 2665 478 2693 me
495 2649 645 2703 movit,
655 2647 771 2706 quod
790 2663 967 2692 causam
985 2662 1073 2691 non
1086 2641 1227 2702 video,
1238 2662 1317 2691 cur
1326 2644 1694 2705 Euripides‘illam

145 2732 448 2790 quaestionem
466 2729 633 2787 majore
652 2743 752 2770 cum
780 2728 942 2771 affectu
965 2726 1312 2787 proloquendam
1343 2740 1438 2770 esse
1458 2723 1693 2784 putaverit.
1710 2716 1713 2718 i
