1920 3109
921 94 983 142 72

175 221 335 266 Latine
363 221 455 264 fere
488 225 602 263 esset
633 233 778 275 „nunc
801 219 927 274 jam“
973 232 1061 278 qua
1090 220 1136 263 in
1166 234 1214 263 re
1258 216 1516 267 tenendum.
1535 220 1581 265 in
1601 228 1723 265 ‘voce

174 302 258 343 νῦν
287 314 463 357 semper
491 300 635 343 inesse
667 298 858 344 durandi
890 298 1085 358 aliquam
1115 299 1353 355 notionem,
1367 309 1472 358 *qua
1493 299 1643 348 differt
1662 300 1724 346 ah

175 378 259 437 ἤδη
290 394 403 438 quae
435 395 525 423 vox
556 380 703 438 ipsum
743 380 955 438 temporis
994 385 1207 438 punctum
1249 379 1369 438 quod
1416 395 1625 437 praesens
1656 386 1726 426 est

175 458 408 518 significat.
467 460 616 505 Unam
646 459 962 519 particularum
984 459 1368 518 significationem
1404 461 1547 518 tangit
1577 460 1721 507 schol,

176 539 235 584 ad
267 540 371 598 Lys.
403 541 491 585 327
534 540 763 599 explicans
808 540 991 597 α’ρτίωςς
1034 541 1315 585 consentiens
1340 555 1442 585 cum
1472 539 1616 587 Schol.
1659 541 1737 586 ad-

175 620 281 664 Pac.
326 620 354 665 5
382 621 462 680 qui
489 620 618 682 dicit
660 623 742 664 νῦν
785 618 856 678 δή.
896 619 1033 671 οὕτως
1067 618 1247 664 Ἀττικοὶ
1291 618 1388 665 ἀντὶ
1430 621 1506 667 wi
1550 619 1725 677 α’ρτίως.

176 700 551 757 Significationem
584 701 701 743 enim
731 701 854 744 vocis
885 689 1060 755 α’ρτίὼς,
1101 714 1215 758 quae
1247 706 1313 746 est
1355 701 1611 757 germanice
1643 713 1724 754 „so

175 779 308 824 eben“
341 781 424 822 νῦν
453 778 512 836 δή
542 795 677 825 voces
705 780 964 838 ostendunt,
1011 779 1189 838 quando
1224 795 1325 825 cum
1369 786 1567 839 tempore
1597 797 1723 841 prae·

176 861 310 905 terito
341 862 683 919 conjunguntur,
713 867 762 904 ut
790 862 897 905 Pac.
926 862 968 905 5.
999 862 1109 910 Rau.
1139 862 1242 905 410.
1285 863 1366 905 Av.
1396 862 1496 906 923.
1542 862 1725 909 Thesm.

178 942 281 998 934,
309 947 464 986 contra
495 948 561 986 est
591 942 860 997 ‚munmehr“
890 942 966 985 ubi
998 952 1097 986 cum
1147 944 1369 1001 praesenti
1410 949 1607 1001 tempore
1646 950 1728 988 aut

177 1037 278 1067 cum
308 1021 528 1066 infinitivo
557 1021 819 1082 copulantur
848 1027 898 1065 ut
928 1021 1040 1074 Aah.
1073 1021 1175 1066 461.
1208 1020 1291 1082 Eq.
1335 1023 1361 1067 7
1366 1023 1424 1067 56
1455 1002 1526 1081 ’(ν.
1557 1023 1723 1084 Saupp-

176 1104 235 1148 ad
264 1104 379 1148 Plat.
410 1105 590 1161 Protag.
622 1105 711 1148 388
741 1104 811 1158 A.)
870 1104 994 1147 EceL
1030 1104 1113 1147 571
1160 1119 1248 1162 qua
1287 1107 1332 1147 in
1374 1120 1424 1148 re
1463 1105 1724 1162 notandum,

176 1199 309 1229 voces
340 1186 423 1227 νῦν
456 1181 514 1240 δή
545 1184 582 1227 si
613 1183 721 1242 quid
764 1199 880 1228 nunc
921 1183 971 1229 fit
1011 1183 1129 1243 quod
1170 1184 1265 1242 jam
1309 1184 1388 1230 diu
1423 1185 1587 1231 factum
1627 1201 1725 1230 esse

177 1264 456 1324 opportebat,
487 1264 612 1308 abire
633 1279 762 1323 posse
784 1265 831 1307 in
853 1262 1216 1324 significationem
1237 1279 1353 1309 nunc
1370 1266 1570 1323 tundens
1586 1267 1725 1312 veluti

176 1344 386 1403 Lys.327
419 1346 500 1386 νῦν
530 1343 586 1401 δή
617 1369 668 1375 --
705 1345 794 1389 334
823 1342 997 1401 βοηθῶ.
1030 1344 1103 1398 (cf.
1133 1345 1341 1402 Nagelsb.
1364 1345 1422 1389 ad
1442 1345 1495 1389 11.
1519 1347 1579 1390 Π.
1598 1347 1725 1402 284).

178 1423 351 1468 Ordine
381 1426 559 1469 inverso
589 1408 736 1469 utrum
769 1424 827 1482 δή
858 1439 935 1467 νυν
967 1425 1140 1483 legatur
1172 1425 1295 1470 dubii
1326 1432 1427 1470 sunt
1468 1433 1519 1470 et·
1549 1433 1736 1478 veteres*

176 1505 454 1563 grammatici
488 1511 531 1548 et
563 1506 832 1549 recentiores
861 1504 935 1563 (cf.
968 1504 1154 1549 Lobeck
1185 1505 1244 1549 ad
1275 1505 1407 1564 Soph.
1431 1507 1557 1551 Aiac.
1580 1509 1727 1562 1332),

178 1601 323 1645 neque
355 1601 440 1644 ego
468 1587 507 1630 is
538 1601 634 1630 sum
679 1587 754 1645 qui
787 1588 900 1630 hanc
940 1587 1238 1644 quaestionem
1281 1585 1544 1644 dijudicem,
1590 1603 1727 1646 quum

177 1681 322 1724 neque
352 1672 540 1710 metrum
570 1673 716 1725 neque
747 1667 851 1710 libri
882 1666 1097 1710 auxilium
1129 1666 1283 1709 ferant.
1343 1666 1529 1723 Legitur
1556 1668 1603 1710 in
1635 1667 1728 1712 edi-

178 1748 235 1791 tis
265 1745 323 1804 δή
353 1762 434 1789 νυν
464 1747 589 1791 Νιὼ.·
612 1763 657 1791 v.
689 1747 790 1802 500,
822 1747 922 1790 746.
953 1746 1031 1790 ubi
1061 1752 1209 1790 tamen
1250 1750 1331 1788 νῦν
1368 1748 1584 1805 praebent
1611 1749 1724 1793 Rav.

178 1828 292 1872 Ven.
323 1826 503 1872 Thesm.
535 1827 621 1873 788
654 1827 730 1871 ubi
763 1827 919 1871 eodem
951 1826 1086 1871 modo
1112 1828 1197 1869 νῦν
1226 1827 1272 1870 in
1307 1826 1471 1872 libris·
1507 1827 1728 1875 Omni-bus

180 1908 249 1951 his
280 1907 389 1952 locis
418 1908 681 1967 nuperrime·
704 1907 957 1952 Meinekius
986 1907 1241 1961 inclinatam
1277 1907 1541 1967 particulam
1572 1908 1728 1967 edidit,

180 1989 456 2034 consentiens
486 2004 587 2033 cum
618 1988 843 2032 Ellendtio
874 1988 1005 2044 (Lex.
1045 1987 1179 2048 Soph.
1209 1988 1270 2032 11.
1309 1989 1426 2046 183).
1489 1989 1728 2036 Praeterea

180 2070 320 2113 verbo
351 2069 619 2116 monendum
651 2075 717 2112 est
748 2068 812 2119 ω’,ς
842 2067 900 2125 δή
930 2067 1051 2128 apud
1071 2067 1415 2127 Aristophanem
1451 2068 1726 2128 quaterlegi

181 2155 226 2193 et
254 2150 318 2193 ita
349 2148 550 2207 quidem,
601 2156 650 2193 ut
679 2148 738 2205 δή
768 2148 987 2208 particula
1016 2162 1109 2193 rem
1141 2149 1189 2191 in
1232 2148 1486 2193 universum
1516 2163 1606 2193 non
1648 2148 1727 2194 du-

179 2230 300 2274 biam
332 2236 377 2273 et
416 2228 693 2273 manifestam
739 2244 834 2273 esse
883 2228 1102 2287 significet
1133 2228 1200 2286 (cf.
1241 2227 1478 2287 Naegelsb.
1493 2256 1497 2261 -
1514 2226 1574 2273 ad
1602 2227 1655 2273 11.
1683 2228 1725 2273 I.÷

183 2311 297 2368 110),
328 2326 596 2370 quamquam
627 2326 892 2369 unoquoque
923 2309 1022 2355 loco
1053 2308 1111 2367 δή
1141 2325 1188 2354 se
1226 2309 1423 2368 applicat
1450 2310 1597 2354 semi
1627 2324 1728 2366 par-

180 2391 342 2436 ticulae
375 2389 447 2440 ιὸς.
506 2389 579 2434 Sic
609 2405 737 2435 sensu
770 2389 891 2434 finali
922 2389 1085 2435 dicitur
1116 2387 1177 2439 ὥς
1205 2388 1274 2447 δή.
1292 2390 1375 2449 Eq.
1405 2388 1522 2442 693,-
1552 2402 1728 2450 compa-

184 2472 348 2516 rationi
375 2471 562 2514 inservit
591 2470 729 2529 Vesp.
778 2472 889 2516 1315
932 2471 1008 2514 ubi
1051 2469 1289 2527 cogitando
1333 2468 1625 2528 supplendum
1663 2476 1730 2515 est

180 2552 466 2612 participium
497 2551 573 2607 ὧν,
597 2550 722 2614 „quod
754 2551 886 2595 etiam
918 2550 1040 2610 apud
1070 2549 1333 2610 Sophoclem
1359 2550 1554 2595 inveniri
1571 2556 1728 2596 auctor

184 2639 250 2678 est
278 2631 528 2676 Ellendtius
558 2632 689 2685 (Lex.
719 2632 852 2693 Soph.
873 2632 935 2678 II.
970 2632 1104 2688 1001)
1136 2637 1181 2677 et
1209 2631 1329 2691 apud
1346 2630 1614 2691 Euripidem
1638 2630 1731 2688 logi·

185 2714 453 2759 demonstrat
484 2713 638 2758 Elmsl.
680 2704 739 2760 ad
763 2713 890 2758 Eun·
914 2711 1079 2758 Bacch.
1112 2712 1201 2758 224
1239 2713 1309 2769 (cf.
1338 2711 1492 2758 Stallb.
1525 2696 1729 2757 adl-'Pla

185 2796 322 2854 Gorg.
355 2796 443 2839 468
473 2795 555 2849 E).
618 2795 784 2839 Sensus
813 2793 1127 2853 particularum
1174 2794 1220 2838 in
1259 2793 1424 2837 talibus
1466 2797 1533 2836 est
1572 2792 1731 2848 „quasi
