1920 3109
966 74 1025 117 30

200 192 359 238 eodem
388 194 520 237 modo
550 200 599 238 ut
628 194 809 250 Lys..1v.
840 179 945 240 307ss
974 197 1046 239 De
1077 198 1225 243 verbis
1254 199 1443 241 κᾶπειτα
1482 213 1563 259 pro
1593 201 1743 245 ἔπειτα

199 274 255 317 cfi
290 273 517 318 Schaeferi
547 273 696 318 Melet.
739 291 782 334 p.
829 275 898 319 86.
930 275 1111 321 Heindf.
1144 277 1216 325 ad.
1258 278 1371 323 Plat.
1403 281 1569 325 Phae-d.
1611 284 1745 341 p.·90

199 354 251 396 B.
283 354 460 397 Deinde
493 355 611 398 Eecl.
643 371 685 397 v.
718 356 805 399 233
837 357 874 398 si
896 357 1003 415 quid
1034 357 1189 413 video,
1226 360 1400 415 πρῶτον
1429 361 1609 404 --·εἶτα
1653 377 1741 407 non

201 433 257 476 de
287 438 487 493 tempore
517 441 699 493 possunt
716 436 870 494 a'ccipi,
900 443 945 480 et
958 452 1039 494 per
1053 443 1277 482 zuerst—
1294 419 1485 483 hernach
1501 443 1628 495 verti,
1661 442 1741 486 sed

200 516 333 558 etiam
362 515 446 558 hoc
486 514 583 558 loco
629 516 813 559 interior
852 517 898 559 in
943 518 1104 575 aprico
1138 523 1204 562 est
1248 519 1546 564 membrorum
1585 536 1741 566 nexus

201 595 499 639 Similitudine
531 595 721 662 quadam
754 598 953 653 quamvis
986 604 1170 641 externa
1213 599 1281 642 his
1326 599 1434 643 locis
1473 601 1745 659 propinquus

200 681 267 718 est
295 675 414 719 Nub
451 675 575 732 1212,
608 675 686 719 ubi
718 675 993 735 Strepsiades
1025 678 1194 722 verbis·

407 755 509 797 ἀλλ’
556 756 745 809 εἶσᾶγων
775 768 822 799 σε
860 757 1086 814 βούλομαι
1124 760 1298 816 πρῶτον
1341 759 1536 803 ἑστιᾶσαι

200 837 246 880 in
277 851 329 879 eo
361 842 426 880 est
455 842 505 880 ut
535 852 636 881 cum
667 838 757 882 filio
789 854 966 882 scenam
997 838 1226 897 relinquat,
1257 840 1410 884 Pasias
1435 854 1558 896 vero,
1583 842 1654 885 .ab
1684 842 1747 885 al·-

200 924 295 961 tera
326 924 452 977 parte
483 918 706 973 introiens,
730 918 879 962 verbis
909 919 1069 962 utitur:

489 996 564 1039 εἶτ’
593 997 740 1054 ἄνδρα
769 1000 856 1040 τῶν
887 997 1023 1041 αὐτοῦ
1053 1000 1093 1040 zi
1121 999 1201 1055 χρῆ
1233 1001 1455 1053 προίεναι,

201 1077 342 1121 Vides
372 1079 626 1121 interiorem
658 1093 824 1123 nexum
855 1079 938 1123 hoc
969 1079 1066 1123 loco
1097 1094 1184 1123 non
1210 1078 1381 1136 adesse,
1426 1095 1560 1139 quum
1590 1080 1742 1124 Pasias

202 1175 315 1217 quae
354 1158 461 1202 dicit
500 1158 559 1202 ad
602 1165 780 1215 testem,
823 1171 954 1217 quem
992 1175 1142 1203 secum
1182 1160 1316 1203 habet
1345 1161 1588 1204 vocationis
1636 1174 1740 1202 suae

201 1254 438 1283 conversus
468 1238 719 1296 eloquatur,
751 1244 935 1283 externo
965 1240 1101 1297 igitur
1131 1238 1308 1283 vinculo
1344 1239 1463 1297 quod
1509 1238 1743 1283 intercedit

201 1320 317 1362 inter
347 1315 526 1373 πρῶτον
556 1324 600 1360 et
627 1317 719 1359 εἶτα
751 1318 978 1363 enuntiata
995 1319 1330 1377 conjunguntur,
1361 1319 1424 1363 ita
1453 1325 1502 1363 ut
1532 1319 1741 1364 orationis

200 1406 401 1444 tenorem
431 1415 518 1443 non
548 1400 811 1457 interrumpi
843 1405 1112 1457 spectatores
1141 1401 1345 1444 sentiant.
1375 1399 1538 1443 Similis
1578 1405 1644 1443 est
1673 1399 1740 1442 his

201 1481 308 1524 locis
337 1479 507 1524 Ramv.
539 1479 624 1522 941
656 1478 735 1522 ubi
764 1479 848 1533 μέν
873 1480 1179 1538 sequentiam&
1199 1479 1449 1538 respondet,
1477 1480 1578 1523 voci
1595 1486 1740 1524 autem

202 1558 444 1616 πρώτιστον
463 1573 594 1603 voces
621 1559 716 1601 εἶτα
740 1585 790 1591 -
809 1560 915 1602 εἶτα.
947 1561 1122 1616 πρῶτον
1151 1575 1258 1604 vero
1290 1561 1421 1603 etiam
1453 1561 1594 1604 omitti
1610 1575 1742 1620 posse

202 1641 286 1686 hac
317 1642 364 1685 in
395 1639 587 1685 dictione
619 1640 842 1684 docebunt
871 1639 990 1684 Nub.
1022 1656 1064 1683 v.
1105 1640 1354 1685 553—557..

320 1721 497 1765 Deinde
529 1736 641 1779 quae
657 1726 897 1779 sequuntur
917 1736 1051 1764 voces
1070 1722 1244 1776 πρῶτον
1272 1723 1354 1775 μὲν
1371 1745 1425 1752 -
1445 1721 1594 1763 ἔπειτὰ
1612 1721 1742 1780 longe

202 1803 405 1863 plurimis
435 1802 545 1846 locis
571 1801 690 1860 apud
721 1800 1064 1860 Aristophanem
1094 1800 1180 1844 sibi
1210 1800 1487 1859 respondent.
1524 1801 1745 1860 Exempla

203 1885 333 1943 hujus
362 1898 466 1927 usus
496 1882 718 1940 platonica
749 1881 873 1924 dabit
904 1880 1083 1923 Heindf.
1118 1880 1176 1923 ad
1205 1879 1372 1923 Phaed.
1403 1895 1448 1939 p.
1481 1880 1540 1926 80
1569 1881 1624 1924 E.
1671 1881 1743 1925 De

203 1981 290 2024 quo
321 1980 401 2008 usu
432 1979 520 2007 non
550 1978 726 2022 possum
755 1977 844 2006 non
874 1961 932 2005 ad
963 1961 1150 2005 verbum
1169 1961 1484 2005 transscribere
1505 1977 1618 2019 quae
1635 1962 1744 2005 dicit

203 2046 440 2089 Herbstius
485 2044 541 2087 de
586 2059 669 2087 usu
709 2040 1004 2100 Thucydideo
1051 2041 1127 2093 (cf.
1170 2040 1199 2083 l.
1242 2041 1323 2099 c.):
1365 2042 1539 2097 πρῶτον
1574 2043 1656 2097 μὲν
1685 2066 1744 2075 —-

207 2126 356 2170 ἔπειτα
386 2124 626 2182 yebraucht
660 2123 962 2179 Thucydides,
1004 2136 1069 2165 wo
1102 2136 1150 2165 er
1180 2122 1250 2165 die
1292 2122 1442 2165 beiden
1479 2122 1658 2166 Glieder
1695 2124 1744 2166 in

204 2208 283 2250 der
312 2205 497 2249 Einheit
527 2205 643 2248 eines
678 2203 939 2248 Gedankens
968 2202 1370 2257 zusammenfassen
1400 2202 1521 2257 mm,-
1552 2203 1633 2246 das
1662 2205 1744 2258 μέν

204 2288 264 2331 ist
300 2287 386 2330 ihm
419 2286 548 2329 dabei
588 2286 669 2328 das
706 2284 996 2327 verbindende
1026 2283 1201 2333 MitteL
1245 2283 1293 2325 in
1339 2281 1486 2324 ἔπειτα
1518 2284 1617 2337 fiiyt
1651 2282 1745 2324 sich

206 2367 288 2410 das
318 2366 467 2410 aweite
498 2366 566 2409 als
595 2365 644 2408 F
642 2369 826 2421 ortyanq
858 2364 937 2407 der
967 2362 1211 2418 Handluny
1242 2362 1347 2406 oder
1378 2362 1452 2405 des
1484 2361 1746 2405 Gedankens

206 2447 314 2491 ohne
350 2447 595 2500 Geyensatz
626 2459 697 2487 an.
760 2444 870 2487 Loci
891 2442 1205 2500 Aristophanei
1235 2446 1356 2484 sunt:
1396 2440 1507 2483 Ach.
1526 2441 1626 2485 995.
1659 2442 1743 2499 Eq.

208 2526 336 2570 1340.
376 2525 502 2570 1366.
535 2524 652 2568 Nub.
684 2524 785 2569 609.
816 2523 917 2566 963.
952 2523 1082 2578 1117,
1113 2521 1191 2565 ubi
1221 2527 1325 2565 nota
1354 2521 1556 2566 membra
1582 2537 1664 2581 per
1693 2522 1746 2578 ἢν

208 2605 258 2648 δέ
287 2622 330 2649 v.
367 2607 478 2649 1121
515 2611 559 2649 et
590 2605 704 2648 1126
737 2605 926 2663 denique
957 2619 1039 2662 per
1069 2603 1154 2644 κᾶν
1187 2603 1301 2646 1128
1318 2604 1581 2658 continuata,
1611 2602 1745 2658 Vesp.

210 2686 310 2730 116.
343 2687 442 2730 552.
476 2686 577 2731 607.
612 2700 698 2744 quo
730 2685 826 2728 loco
857 2684 994 2728 habes
1024 2682 1176 2739 πρῶτα
1205 2683 1287 2737 μέν
1317 2683 1390 2726 cui
1420 2681 1539 2741 quod
1568 2695 1746 2740 respon-

209 2768 285 2811 det
300 2767 484 2810 κᾶπειτα
494 2767 638 2824 logica
651 2765 842 2824 quadam
853 2766 1174 2824 permutatione
1186 2780 1272 2808 non
1287 2779 1340 2807 eo
1354 2779 1440 2822 quo
1449 2762 1640 2806 debebat
1649 2762 1746 2807 loco
