1920 3109
960 107 1014 153 71.

336 230 521 278 Pr'orsu's
553 231 707 277 eodem
736 230 869 278 mode
899 238 952 278 ut
978 234 1023 276 in
1054 232 1139 289 γὰρ
1176 231 1368 289 dq‘etiam
1396 231 1444 274 in
1472 231 1555 286 μὲν
1570 228 1626 287 δή
1657 245 1757 289 par·

220 314 454 359 ticularum
487 312 793 373 conjunctione
838 319 1025 373 utraque
1068 312 1285 373 particula
1324 312 1549 371 propriam
1596 311 1758 354 retinet

218 394 594 454 significationem.
654 395 771 439 Usus
786 394 867 439 ‘eis
896 400 962 439 est
992 395 1186 439 comicus
1217 392 1382 453 duplici
1423 391 1556 437 modo
1571 427 1583 449 ⁷
1623 398 1756 452 atque

219 476 409 535 primum
454 475 630 535 quidem
650 476 724 532 ita,
754 482 803 520 ut
818 475 1007 534 aliquam
1035 490 1143 531 rem,
1174 471 1230 518 de
1251 490 1339 533 qua
1361 490 1414 519 eo
1446 488 1583 532 usque
1610 488 1754 517 sermo

207 563 337 614 ‘ei-at,
356 558 513 611 mittat,
547 563 590 601 et
622 572 703 616 per
732 557 990 616 particulam
1023 555 1076 599 δέ
1106 556 1163 601 ad
1194 571 1356 600 novam
1387 555 1605 614 quandam
1638 561 1756 599 tran-

216 643 323 683 seat.
351 679 354 681 .
382 638 528 696 Hujus
559 652 661 681 usus
692 638 869 681 unicum
902 643 967 681 est
998 636 1251 695 exemplum
1284 635 1472 694 formula
1512 638 1589 677 καὶ
1617 637 1753 678 ταῦτα

215 721 299 775 μὲν
328 718 381 776 δὴ
413 720 547 762 ταῦτα
578 718 691 762 Plut.
723 735 763 762 v,
796 719 838 774 8,
881 733 1013 778 quem
1043 718 1188 762 locum
1218 718 1333 761 bene
1364 717 1584 761 intellexit
1627 716 1751 760 schc-

217 800 355 856 liasta,
387 800 462 858 qui
493 799 675 843 adnotat
705 798 792 841 ἔστι
821 798 876 840 δὲ
906 800 952 840 τὸ
986 800 1136 855 σχῆμα
1169 797 1442 840 α’ποθπικὸν
1471 799 1544 854 τῆς
1584 797 1754 855 πρώτης

217 879 431 932 διανοίας,
463 880 603 924 verba
632 880 729 939 ipsa
757 879 985 939 explicans
1016 879 1164 923 verbis
1195 880 1270 921 καὶ
1293 880 1430 921 ταῦτα
1453 880 1536 932 μὲν
1566 877 1620 934 δὴ
1653 880 1752 921 τοί-

215 974 292 1003 τον
334 960 419 1014 ἔχει
467 961 542 1002 τὸν
590 960 768 1016 τρόπον.
854 960 1107 1004 Formulam
1153 960 1307 1003 eodem
1362 959 1494 1003 modo
1539 959 1754 1018 explicuit

217 1040 452 1084 Fischerus
483 1040 540 1083 ad
571 1040 687 1086 Pluti
734 1041 854 1084 illum
886 1040 1029 1087 locum
1048 1074 1059 1095 ,
1105 1042 1180 1098 qui
1211 1041 1320 1090 satist
1348 1046 1450 1099 apte
1482 1055 1577 1083 eam
1620 1040 1754 1083 vertit

215 1113 297 1179 per
326 1120 583 1174 Latinorum
616 1125 658 1165 et
686 1121 791 1165 haec
823 1121 996 1177 quidem
1025 1121 1258 1175 kactenus,
1300 1135 1565 1179 quamquam
1596 1121 1642 1163 in
1686 1120 1753 1163 his

215 1201 364 1245 verbis
397 1216 482 1245 non
530 1217 582 1244 ea
621 1202 735 1245 inest
775 1203 894 1246 notio
940 1217 1073 1260 quam
1116 1203 1310 1245 continet
1355 1201 1541 1244 formula
1578 1216 1751 1258 graeca,

195 1281 384 1340 >scilicet
412 1297 520 1333 vera
550 1297 643 1325 esse
674 1297 785 1341 quae
817 1282 937 1325 dicta
952 1287 1065 1338 sunt,
1097 1297 1227 1340 quam
1246 1282 1387 1325 inesse
1407 1287 1593 1330 testatur
1607 1281 1750 1326 Schol.

214 1362 274 1406 ad
304 1361 510 1420 Aeschyl.
542 1362 690 1406 Prom.
719 1362 808 1406 496
841 1362 993 1406 dicens
1023 1365 1158 1405 ταῦτα
1189 1364 1284 1418 μὲν,
1318 1365 1465 1419 φησὶν,
1498 1361 1580 1407 ὅσα
1609 1362 1750 1413 εἶπον,

215 1442 351 1494 ὅντως
366 1450 369 1452 ’
380 1444 563 1498 ἔχουσιν,

332 1525 454 1568 Huic
487 1524 664 1567 dicendi
696 1525 855 1569 rationi
901 1524 1146 1583 persimilis·
1176 1530 1241 1567 est
1285 1524 1447 1581 altera,
1493 1539 1581 1583 qua
1609 1528 1750 1584 poeta,

212 1606 247 1649 si
282 1604 458 1663 quando
489 1607 553 1648 rei
585 1605 766 1649 minoris
796 1606 1007 1650 momenti
1038 1604 1240 1664 adjungit
1269 1606 1530 1662 graviorem,
1573 1606 1619 1648 in
1652 1621 1750 1665 pro·

210 1686 295 1729 tasi
325 1700 417 1728 rem
449 1683 658 1728 leviorem
690 1701 771 1744 per
800 1685 1038 1744 particulas
1067 1687 1150 1739 μὲν
1180 1684 1236 1741 δή
1267 1686 1392 1743 quasi
1423 1686 1601 1729 missam
1631 1686 1749 1736 facit,

210 1781 305 1809 rem
335 1765 546 1823 majorem
576 1780 685 1810 vero
729 1781 810 1824 per
851 1765 1114 1824 particulam
1146 1764 1196 1807 δέ
1238 1766 1364 1823 sequ-i
1387 1767 1390 1770 ’
1398 1765 1542 1823 jubet.
1605 1764 1750 1824 Hujus

210 1862 313 1891 usus
344 1845 431 1890 duo
461 1845 665 1904 leguntur
695 1845 910 1905 exempla,
940 1845 1052 1889 Ach.
1084 1845 1185 1900 528,
1217 1844 1332 1889 Plut.
1362 1860 1405 1888 v.
1428 1845 1632 1905 728‘quo
1652 1845 1748 1890 loco

209 1925 363 1969 verbis
394 1927 549 1982 πρῶτα
579 1927 660 1980 μὲν
691 1925 749 1982 δή
765 1925 1018 1984 ⁵respondet
1061 1925 1251 1983 simplex
1282 1926 1452 1981 ἔπειτα,
1489 1926 1545 1968 de
1583 1941 1671 1984 qua
1698 1942 1747 1968 re

201 2008 297 2065 jam
328 2007 574 2051 accuratius
604 2006 808 2051 vidimus.
870 2007 953 2051 His
983 2005 1090 2051 locis
1119 2007 1253 2050 etiam
1283 2007 1366 2060 μὲν
1379 2001 1461 2049 οὖν
1489 2006 1594 2065 poni
1617 2021 1746 2066 posse

207 2086 377 2130 monuit
405 2086 636 2144 Kriigerus
680 2084 738 2147 §.-
757 2086 827 2129 69.
871 2085 943 2130 35.
966 2086 1015 2129 Β.
1076 2086 1311 2130 Particulis
1350 2088 1424 2127 καὶ
1460 2086 1552 2142 μήν
1592 2087 1746 2132 addita

207 2173 274 2210 est
301 2166 460 2209 vocula
500 2166 553 2222 δή
590 2166 767 2209 Thesm.
812 2167 900 2210 805
942 2182 1029 2224 quo
1074 2166 1170 2211 loco
1216 2166 1420 2223 gradatio
1466 2165 1685 2225 quaedam
1716 2183 1744 2211 a

206 2245 446 2292 Chai-mino
475 2244 535 2289 ad
567 2244 882 2305 Oleophontem
929 2245 1119 2290 efficitur
1147 2245 1374 2305 particulis
1414 2247 1488 2287 καὶ
1514 2246 1603 2303 μήν
1632 2252 1743 2290 voce

206 2326 265 2384 δή
300 2326 617 2382 corroboratis'3
664 2341 929 2385 quamquam
982 2328 1029 2371 in
1067 2327 1222 2371 eodem
1273 2328 1499 2372 enuntiato
1544 2328 1742 2387 sequitur

205 2405 351 2462 δήπου
379 2408 462 2459 (de
498 2422 585 2466 quo
627 2423 668 2451 v.
705 2407 820 2460 infr.)
869 2407 1068 2452 Alterum
1118 2408 1193 2450 καί
1254 2423 1414 2452 nomen
1458 2408 1743 2467 Cleophontis

205 2486 333 2531 effert
361 2493 493 2545 atque
510 2487 744 2546 *significat
772 2488 972 2544 ,‚etiam“.
1557 2482 1560 2485 ⁴

265 2583 267 2585 ’
312 2567 461 2611 Porro
490 2573 539 2611 ut
567 2567 661 2611 τότε
692 2568 749 2626 δή
781 2572 914 2614 etiam
948 2572 1029 2633 νῦν
1061 2568 1117 2627 δή
1146 2569 1265 2629 apud
1297 2570 1516 2614 comicum
1546 2569 1608 2613 ita
1637 2556 1765 2627 legi-7

202 2654 288 2706 tur,
317 2647 391 2713 (cf.
421 2646 577 2692 Stallb.
606 2649 665 2693 ad
695 2649 807 2694 Plat.
837 2650 1010 2696 Phileb.
1042 2668 1085 2711 p.
1119 2651 1204 2695 105
1234 2651 1385 2695 Bremi
1416 2650 1475 2695 ad
1489 2649 1650 2694 Aesch.
1683 2651 1739 2694 de

203 2729 297 2773 fals.
328 2728 412 2788 leg.
441 2729 485 2788 p'.
517 2730 632 2787 230).
655 2736 704 2775 ut
742 2732 962 2790 particula
1001 2732 1061 2790 δή
1104 2734 1314 2793 temporis
1357 2731 1475 2777 istud
1514 2739 1738 2791 punctum,

204 2809 322 2869 quod
351 2811 572 2869 significat
601 2812 694 2870 νῦν,
725 2814 867 2872 magis
898 2814 1104 2859 efferatur
1120 2814 1196 2871 (cf.
1222 2813 1392 2859 Bauml.
1410 2813 1525 2859 Part.
1557 2829 1599 2873 p.
1622 2814 1736 2870 102).
