1920 3109
958 141 1016 185 28

215 281 274 310 ex
304 280 386 310 usu
417 265 551 310 attico
581 266 620 309 si
641 263 893 325 'particulae
923 263 1007 320 μέν
1035 261 1304 333 respondere
1319 263 1581 324 'particulam
1604 264 1657 308 δέ
1685 281 1759 312 vo-

213 339 295 391 luit
321 350 454 405 poeta
483 345 541 389 ab
571 345 656 389 hac
686 344 903 403 particula
933 343 985 387 δέ
1013 360 1129 389 nova
1146 345 1364 403 expositio
1385 352 1481 390 erat
1494 346 1757 406 incipienda,

212 425 260 470 id
294 425 415 486 quod
445 425 552 470 alibi
582 426 713 470 etiam
744 423 892 470 facere
922 424 1032 470 solet
1048 413 1456 485 Aristophanem-ut
1471 425 1556 470 Av.
1578 442 1620 471 v.
1645 426 1755 482 7023

211 506 290 550 ubi
320 506 470 550 verbis
529 530 532 533 ·

761 581 867 628 ὦδε
895 585 994 640 μέν
1037 583 1209 638 ἔσμεν

210 662 353 721 noll-t)
415 663 799 721 πρεσβύτατοι
844 664 1063 707 πάντων
1101 664 1372 721 μακάρων
1409 664 1564 721 ἡμεῖς
1605 664 1753 723 priore

209 743 334 787 finita
352 745 629 788 enarratione
663 744 803 788 altera
820 745 1048 789 inducitur
1067 744 1216 789 verbis
1236 743 1271 787 ὦ
1284 760 1305 794 ς
1349 744 1378 787 δ
1392 745 1401 762 ’
1412 743 1435 786 ἒ
1446 746 1539 799 σμὲ
1550 758 1576 786 ν
1614 743 1672 798 ἔρ
1684 758 1719 786 ω
1729 768 1753 776 -

210 837 263 866 το
277 838 329 872 ς-
344 822 586 874 πολλοῖς
617 823 755 881 δῆλο
771 838 815 881 ν,
848 824 1005 869 eodem
1035 824 1189 881 modo,
1226 831 1275 868 ut
1300 824 1387 868 Av.
1435 823 1550 867 1304
1591 822 1752 880 legitur

209 905 438 946 τοιαῦτα
467 906 572 958 μὲν
603 903 900 956 τᾶκετθεν,
935 906 994 948 ἓν
1020 904 1083 947 δέ
1125 917 1213 948 σοι
1256 904 1391 957 λέγω
1435 902 1524 946 κτὲ
1554 910 1599 947 et
1638 905 1748 947 Ran.

210 984 325 1028 1329
355 990 524 1028 mutata
555 971 790 1036 constructi
795 1000 878 1029 one
908 1000 990 1044 per
1026 985 1078 1028 δέ
1108 986 1341 1030 transitum
1371 985 1478 1032 facit
1507 983 1749 1041 Aeschylus

207 1080 234 1108 a
276 1065 458 1108 canticis
486 1064 743 1123 Euripideis
771 1064 833 1108 ad
862 1064 1103 1122 monodias,
1135 1066 1297 1125 quique
1326 1065 1535 1108 transitus
1573 1063 1631 1108 ad
1673 1078 1749 1107 no·

205 1159 307 1187 vam
340 1159 435 1187 rem
464 1145 606 1200 magis
635 1146 769 1187 etiam
814 1150 958 1202 potest
988 1145 1135 1189 efferri
1178 1152 1309 1190 aucta
1348 1145 1637 1188 conclusionis
1665 1143 1749 1187 for-

204 1222 324 1267 mula
346 1238 427 1282 per
456 1221 807 1306 particulalffid'q'
838 1222 1055 1281 (Kiihner.
1088 1224 1147 1268 ad
1176 1223 1355 1283 Exped.
1388 1223 1495 1280 Cyr.
1511 1222 1569 1267 H.
1604 1223 1642 1266 1.
1660 1221 1747 1279 20.)

205 1308 254 1345 ut
282 1302 399 1346 Plut.
432 1318 475 1345 v.
522 1303 572 1345 8:

413 1407 488 1446 καὶ
526 1406 663 1446 ταῦτα
692 1406 774 1457 μὲν
814 1403 868 1460 δὴ
900 1405 1052 1447 ταῦτα.
1095 1406 1155 1461 τῷ
1194 1403 1244 1446 δὲ
1284 1405 1430 1455 Λοξία
1460 1404 1541 1446 κτὲ.

206 1504 297 1549 Sed
329 1504 447 1549 hunc
477 1521 618 1562 usum,
649 1505 756 1550 alibi
787 1505 981 1568 obvium,
1011 1504 1093 1549 hoc
1124 1504 1221 1550 loco
1252 1506 1315 1549 ita
1344 1505 1512 1565 sprevit
1541 1506 1745 1562 comicus,

202 1590 252 1629 ut
280 1584 621 1644 respondentem
652 1585 915 1644 particulam
945 1591 1081 1643 ponat
1109 1586 1156 1628 in
1184 1600 1317 1629 versu
1348 1600 1478 1644 quem
1508 1586 1746 1644 interponit

200 1663 503 1720 Atheniensis,
543 1665 663 1721 nullo
704 1680 825 1708 nexu
881 1680 981 1709 cum
1022 1665 1295 1722 Lysistratae
1346 1664 1496 1708 verbis
1555 1665 1742 1709 eundem

201 1744 507 1803 conjunctum,
550 1759 637 1803 qua
683 1744 923 1788 mutatione
965 1744 1179 1787 comicam
1226 1744 1360 1788 totius
1399 1743 1485 1788 loci
1529 1746 1743 1790 rationem

199 1824 362 1868 mirum
392 1829 604 1882 quantum
636 1824 790 1881 augeri
820 1824 1040 1866 neminem
1056 1829 1201 1882 potest
1231 1823 1397 1881 fugere.
1428 1824 1512 1882 Eq.
1534 1825 1634 1880 989,
1664 1826 1742 1870 ubi

199 1905 303 1948 libri
334 1905 471 1949 solam
501 1919 656 1948 vocem
686 1903 984 1960 ἁρμόττεσθαι
1013 1904 1189 1960 habent,
1232 1904 1497 1962 Bernhardy
1538 1906 1634 1959 μένι
1665 1903 1742 1949 ad-

200 1983 327 2041 didit,
358 1989 408 2027 ut
437 1984 704 2043 respondeat
733 1984 1018 2043 sequentibus
1040 1982 1182 2041 ἄλλην
1197 1981 1335 2036 δὀὐκ,
1365 1983 1616 2047 Meinekius
1634 2000 1741 2030 vero

199 2064 361 2110 rectius
392 2065 476 2108 nisi
506 2064 646 2120 fallor,
678 2080 779 2131 cum
810 2064 1007 2123 Bergkio
1038 2065 1098 2106 ἄν
1126 2048 1284 2123 posuit.
1413 2052 1416 2055 ¹

316 2177 348 2221 J
348 2192 421 2220 am
452 2191 559 2220 vero
592 2182 831 2235 sequantur
860 2176 958 2231 loci,
990 2176 1150 2235 quibus
1188 2176 1430 2235 particulae
1459 2176 1614 2231 μὲν-δέ
1641 2168 1741 2223 suh·

197 2258 339 2312 iectae
355 2256 563 2314 leguntur
577 2256 762 2301 vocibus
778 2272 889 2316 quae
901 2263 1003 2301 sunt
1011 2258 1186 2312 πρῶτον
1195 2262 1271 2301 aut
1282 2258 1434 2314 πρῶτα
1445 2263 1488 2301 et
1502 2258 1650 2300 ἔπειτα
1666 2265 1743 2303 aut

196 2336 302 2380 εἶτα.
334 2336 512 2395 ‘Atque
555 2352 689 2403 quum
723 2336 779 2380 de
818 2336 901 2381 hoc
942 2336 1120 2380 dicendi
1163 2352 1327 2395 genere
1371 2337 1551 2382 uberius
1590 2337 1740 2387 dicere

195 2416 305 2460 mihi
335 2417 638 2475 proposuerim
671 2416 757 2461 huc
789 2417 921 2460 etiam
942 2417 1062 2461 traxi
1080 2417 1212 2471 locos,
1242 2417 1320 2461 ubi
1350 2418 1433 2472 μέν
1449 2423 1550 2475 post
1566 2419 1740 2474 πρῶτον
1823 2421 1825 2423 ’

195 2497 370 2555 legitur,
401 2513 489 2541 non
519 2505 729 2555 sequente
761 2496 827 2552 δέ,
856 2498 919 2541 ita
948 2504 997 2542 ut
1025 2514 1150 2542 mera
1195 2513 1307 2542 voce
1337 2497 1485 2540 ἔπειτα
1526 2498 1739 2544 formetur

198 2577 427 2635 oppositio,
461 2591 622 2635 eosque
653 2577 730 2620 ubi
760 2578 843 2631 μέν
873 2578 1081 2621 omissum
1111 2578 1308 2636 sequitur
1337 2578 1383 2621 in
1425 2578 1564 2623 altero
1605 2593 1739 2621 mem-

195 2657 277 2701 bro
318 2657 552 2715 particula*
575 2656 628 2699 δέ
666 2673 720 2701 ne
764 2657 851 2701 illis
903 2658 1084 2716 quidem
1129 2658 1332 2704 versibus
1372 2658 1602 2716 neglectis,
1659 2658 1738 2702 ubi

195 2743 354 2781 neutra
385 2737 541 2782 harum
570 2737 887 2798 particularum
917 2738 1093 2796 legitur,
1123 2753 1266 2798 neque
1297 2740 1430 2783 etiam
1461 2753 1551 2782 vox
1588 2736 1740 2780 ἔπειτα

197 2819 518 2879 oppositionem
548 2818 730 2864 indicat.
794 2819 959 2865 Totum
1001 2834 1109 2865 vero
1149 2819 1306 2865 horum
1341 2818 1579 2882 verborum
1610 2833 1736 2864 usum
