1920 3109
939 103 998 149 '13

196 232 350 285 verd‘,
406 243 471 275 ex·
490 233 580 286 'qm
599 232 742 287 c-patet
768 226 851 284 δή,
893 233 944 272 ut
970 227 1034 272 ita
1071 225 1216 271 dicam
1234 248 1254 281 ,·
1275 240 1350 271 -ex
1379 224 1496 272 illins
1526 227 1741 272 sententia

160 304 163 306 ’
204 309 369 353 dictum
400 323 515 364 esse,
546 308 603 352 de
633 324 721 367 quo
750 322 895 353 sermo
922 313 1011 363 est,
1040 312 1090 351 ut
1116 312 1267 351 nostro
1294 306 1393 351 loco
1425 305 1485 357 ὥς
1513 305 1567 364 δὴ
1598 306 1742 359 δέξως

201 393 268 433 est
303 388 473 442 „seiner
512 389 730 444 Meimmy
761 388 884 435 ,nach
933 388 1007 450 ein,
1039 387 1322 444 yeistreicher
1350 388 1579 432 Mensch.“
1640 388 1741 432 Hoc

200 482 302 514 cum
331 483 412 514 usu
441 468 778 530 propinquitatis
817 467 1217 531 quodam.vinculo
1235 520 1237 522 ³
1258 467 1481 527 conjuncti
1508 472 1611 511 sunt
1640 466 1740 521 loci,

198 547 277 593 ubi
309 546 369 598 ὥς
397 547 455 606 δή
484 549 536 593 in.
561 547 954 593 exclamationibus
983 555 1205 609 stuporem
1238 555 1282 592 et
1297 548 1632 593 admirationem
1662 563 1740 592 ex-

199 628 363 688 primit,
392 628 440 674 id
470 628 591 688 quod
621 626 834 675 uno-loco
860 629 984 689 ‚apud
1001 628 1356 691 Aristophanem
1386 628 1437 673 fit
1462 628 1570 688 Lys.
1602 644 1645 672 v.
1663 628 1737 673 83.

200 706 370 763 Quarto
402 707 590 766 deniquo
619 708 726 758 loco*
745 708 810 760 1159
819 709 877 766 δη
908 709 1080 769 legitur·
1100 724 1199 759 cum
1230 710 1434 766 optativo>
1455 709 1503 758 in
1521 708 1740 752 exclama-

204 787 324 849 tione
354 787 468 835 Plut.
499 789 584 842 891
640 789 898 836 Latinorum
917 773 1169 848 significans
1197 789 1383 844 utinam,
1414 788 1636 833 notionem
1666 801 1740 847 op-

199 852 324 912 tandi
353 883 466 927 quae
496 874 546 925 ut
565 870 661 927 jam
691 870 744 935 in
766 869 859 924 solo
880 871 1089 929 optativo,
1120 871 1182 913 ita
1204 870 1250 912 in
1270 871 1467 928 optativo
1496 883 1596 911 cum
1630 882 1741 910 voce

204 946 266 997 ως
294 950 544 1021 conjuncto
567 950 703 1005 inest,
749 949 816 1005 (cf.
856 950 1008 1035 Herm.
1055 950 1112 993 ad
1146 950 1296 1007 Viger.
1330 964 1373 1027 p.
1407 948 1531 1005 756),
1571 931 1741 1006 majore

203 1042 302 1073 cum
334 1030 378 1072 vi
408 1026 673 1102 exprimens.

319 1111 395 1150 ἵνα
426 1108 485 1166 δή
512 1115 557 1153 et
586 1109 708 1159 ὅπως
738 1109 795 1167 δή
828 1110 897 1167 (cf.
923 1111 1104 1167 Kriiger
1119 1109 1176 1153 ad
1190 1109 1331 1154 Thuc.
1357 1109 1413 1152 V.
1445 1109 1515 1153 85.
1551 1110 1588 1165 1)
1619 1108 1739 1166 apud

203 1189 419 1234 comicum
449 1205 537 1234 non
566 1189 794 1249 leguntur,
833 1184 975 1250 neque
1007 1191 1084 1234 has
1115 1189 1357 1249 particulas
1380 1178 1589 1233 invenias
1619 1187 1739 1248 apud

202 1274 371 1313 ceteros
400 1270 560 1314 atticae
591 1255 845 1315 comoediae
875 1259 1040 1330 poetas)
1071 1272 1148 1329 qui
1178 1272 1224 1313 in
1245 1269 1499 1313 adhibenda
1524 1269 1742 1328 particula

203 1347 263 1406 δή
301 1349 348 1392 in
392 1348 643 1396 universum
695 1358 796 1395 cum
835 1350 1130 1420 Aristophane
1184 1351 1343 1394 mirum
1389 1343 1600 1408 quantam
1642 1363 1743 1391 con·

203 1429 407 1473 sentiunt.
1568 1412 1571 1416 ι

323 1509 570 1568 Sequantur
599 1509 840 1573 particulae
882 1510 1065 1579 'singulis
1104 1510 1210 1555 loeis
1254 1509 1371 1569 apud
1404 1509 1740 1579 Aristophanem

202 1590 342 1635 lectae
371 1593 415 1633 τὲ
450 1589 508 1648 δή
524 1597 568 1635 et
594 1592 643 1645 γὲ
675 1588 729 1648 δή
750 1608 776 1636 a
806 1591 988 1652 reliquis
1012 1591 1267 1636 comoediae
1283 1591 1539 1669 fragmentis
1558 1589 1741 1634 alienae.

204 1672 248 1712 τὲ
278 1668 332 1727 δη
367 1670 529 1738 legitur
551 1670 670 1715 Nub.
692 1687 734 1714 v.
751 1672 806 1715 61
836 1672 915 1716 ubi
934 1673 979 1714 τέ
1008 1660 1134 1728 illud,
1165 1673 1223 1716 ad
1245 1664 1435 1731 sequens
1467 1674 1542 1713 καὶ
1572 1675 1743 1728 spectat

202 1749 262 1807 δή
284 1756 438 1796 autem
467 1751 625 1795 vocula
654 1751 802 1795 media
816 1752 1075 1811 interposita
1102 1751 1160 1796 ad
1189 1767 1398 1811 personas
1427 1766 1508 1810 per
1537 1743 1637 1793 τέ-
1640 1751 1744 1805 καί,

203 1831 374 1889 junctas
404 1836 594 1896 spectat,
627 1830 771 1891 ssensu
810 1832 902 1876 fere
933 1832 1055 1875 vocis
1101 1823 1262 1875 latinae
1307 1832 1529 1886 „sciliceffl
1545 1866 1555 1886 ,
1609 1846 1743 1889 quum

142 1914 146 1918 ’
202 1910 540 1971 explicationem
570 1918 646 1954 aut
675 1908 824 1981 potins
866 1908 1134 1971 epexegesin
1163 1912 1323 1956 inferat
1349 1912 1471 1955 vocis
1502 1915 1595 1968 νῷν
1631 1926 1745 1971 quae

202 1986 436 2036 antecedit.
487 1991 610 2036 Voce
639 1987 898 2051 interposita
927 1990 1067 2050 ’τὲ-δή,
1096 1992 1314 2050 leguntur
1321 1986 1457 2052 Vesp.
1479 1991 1593 2035 1064
1612 2006 1743 2051 quem

203 2072 346 2118 locum
372 2073 432 2117 ob
463 2057 794 2117 similitndinem
825 2071 912 2117 huc
942 2066 1083 2129 traxi,
1114 2060 1316 2133 quamvis
1343 2073 1390 2115 d
1420 2079 1465 2134 et
1495 2070 1547 2115 δέ
1577 2072 1743 2118 nullum

202 2153 294 2197 fere
327 2168 493 2197 nexum
523 2152 727 2209 habeant,
758 2168 892 2212 quum
921 2154 968 2195 τέ
997 2153 1226 2212 sequentia
1255 2168 1354 2197 cum
1381 2153 1743 2197 antecedentibus

203 2232 387 2292 copulet,
409 2231 492 2290 ,ὀηἼ
508 2240 654 2277 autem
686 2234 977 2294 comparativi
1008 2234 1097 2277 vim
1129 2234 1193 2277 ita
1223 2239 1397 2291 augeat,
1425 2239 1474 2277 ut
1504 2248 1679 2276 sensum
1696 2233 1743 2282 in

202 2314 317 2358 ferat
344 2310 699 2373 unumquemque
731 2321 1013 2360 canescentes
1055 2315 1237 2374 capillos
1266 2330 1394 2374 posse
1439 2314 1609 2359 videre.
1669 2314 1743 2359 De

202 2393 430 2453 particulis
467 2394 515 2448 γὲ
555 2392 612 2452 δή
654 2394 709 2439 cf.
725 2395 892 2440 Herm
938 2394 996 2439 ad
1028 2395 1180 2454 Viger.
1228 2410 1272 2455 p.
1303 2394 1403 2439 825.
1445 2395 1638 2454 Kriiger.
1683 2394 1743 2438 ad

203 2472 341 2534 Thuc.
371 2474 452 2519 IV.
482 2475 568 2531 78,
583 2476 627 2519 2.
657 2476 780 2522 VIII.
809 2476 884 2533 41,
913 2478 978 2523 2·

322 2552 457 2613 Apud
485 2554 829 2616 Aristophanem
857 2556 1063 2616 leguntur
1091 2554 1229 2616 Vesp.
1260 2554 1346 2602 857
1381 2553 1583 2615 quibus
1569 2570 1617 2599 ιιι
1647 2569 1744 2600 ver-

201 2636 286 2685 bis
286 2635 351 2689 γέ
376 2634 608 2694 particula
636 2637 883 2707 restringit,
922 2636 978 2694 δή
1023 2642 1170 2680 autem
1208 2651 1303 2681 rem
1333 2636 1611 2681 manifestam
1649 2650 1743 2680 esse

202 2715 372 2763 indicat
400 2715 486 2775 qui
506 2728 659 2764 sensus
675 2723 849 2774 manet,
879 2716 1053 2771 etiamsi
1084 2716 1173 2767 alia
1191 2717 1411 2777 particula
1441 2717 1746 2776 interponitur,

203 2800 253 2841 ut
293 2795 404 2842 Rau.
450 2795 562 2841 1047
608 2796 686 2841 ubi
731 2796 958 2850 Bacchus,
980 2813 1028 2842 se
1079 2813 1180 2843 cum
1226 2797 1449 2856 Aeschylo
1498 2796 1744 2842 consentire
