1920 3109
964 110 1024 155 50

205 232 338 276 etiam
364 233 411 276 in
434 233 530 277 hac·
546 248 633 277 una
658 237 858 293 quaeque
881 234 1100 294 particula
1124 227 1250 281 suam*
1278 239 1440 283 retinet
1466 239 1568 294 vim,
1604 238 1667 282 ita
1695 244 1761 283 ut-

202 313 319 374 a'uiQ
350 316 671 375 oppositionem
722 316 909 374 inferat,
950 318 999 370 γέ
1038 324 1183 362 autem
1225 318 1442 378 particula
1484 320 1651 377 illatam
1698 320 1760 364 af-

200 395 347 440 firmet
377 396 450 452 (cf,
481 396 627 441 Klotz.
660 397 718 440 ad
747 398 913 441 Devar.
957 397 1015 441 H.
1069 399 1188 453 197).
1250 398 1362 443 Loci
1392 405 1493 443 sunt
1507 400 1621 443 Ach.
1652 400 1755 444 448.

207 477 308 522 782.
355 477 490 538 Vesp.
530 478 628 523 147.
676 479 772 523 150.
818 479 947 523 1141.
994 480 1124 524 1514.
1171 479 1257 524 Av.
1301 480 1401 525 144.
1446 481 1621 525 Thesm.
1655 482 1755 526 207.

209 558 322 602 Plut.
369 559 478 616 572,
519 560 679 619 quibus
714 560 761 603 in
804 560 912 604 locis
954 560 1009 604 de
1051 575 1212 606 vocum
1255 562 1472 621 positione
1514 560 1756 607 notandum

200 642 248 685 in
276 642 489 686 trimetris
530 648 716 701 excepto
769 642 894 702 Vesp.
940 643 1043 698 147,
1085 643 1140 686 de
1187 644 1312 701 cujus
1354 644 1540 688 lectione
1588 644 1754 699 dubito,

199 736 373 782 semper
403 735 536 767 unam
567 729 723 768 vocem
753 724 876 767 inter
905 722 1146 783 particulas
1177 723 1272 768 illas
1303 725 1604 784 interpositam
1645 740 1752 782 esse,
1818 731 1822 735 ”

197 810 273 848 aut
306 804 414 848 duas
454 819 587 848 voces
633 820 746 864 quae
781 820 914 863 quam
947 806 1192 848 arctissime
1224 805 1463 849 cohaerent
1494 813 1544 849 ut
1574 806 1754 851 Thesm.

199 884 285 928 207
304 885 514 930 articulus
538 901 639 929 cum
665 885 954 930 substantivo.
986 885 1144 930 Paullo
1164 886 1292 930 aliter
1312 886 1425 931 Plut.
1442 886 1530 931 572
1557 888 1603 930 in
1616 893 1755 932 metro

203 969 484 1025 anapaestico
500 967 615 1011 duae
632 982 765 1010 voces
792 966 887 1021 οὐχ’
905 963 1030 1024 ἦττον
1052 969 1401 1026 interponuntur,
1427 968 1505 1011 sed
1523 959 1654 1012 etiam
1675 967 1754 1012 has

199 1063 332 1092 unam
339 1047 530 1092 formare
540 1048 761 1106 notionem
769 1049 933 1107 poteris
940 1048 1152 1107 proferre,
1161 1048 1219 1092 ad
1225 1064 1401 1093 versum
1411 1047 1752 1093 defendendum.

329 1130 516 1173 Praeter
547 1128 660 1184 0:²de
691 1154 749 1162 ——
780 1130 831 1181 γέ
860 1144 949 1173 uno
981 1129 1114 1188 Vesp.
1142 1144 1183 1173 v.
1205 1130 1289 1173 981
1322 1145 1416 1189 sqq.
1447 1119 1608 1189 legitur
1639 1128 1752 1187 οῗτάρ

200 1209 340 1267 ὅμως,
385 1226 472 1269 qua
501 1211 548 1254 in
579 1210 888 1268 conjunctione
932 1209 1087 1254 eodem
1133 1210 1265 1254 modo
1307 1226 1432 1254 suam
1479 1217 1630 1255 tuetur
1657 1211 1749 1255 vim

200 1298 387 1351 utraque
415 1289 647 1351 particula.
709 1289 781 1333 De
801 1290 1049 1348 Vesparum
1078 1290 1161 1334 hoc
1192 1290 1289 1334 loco
1304 1290 1436 1334 liceat
1470 1292 1603 1335 affere
1636 1307 1747 1352 quae

205 1372 260 1416 de
293 1388 345 1417 eo
380 1372 488 1415 dicit
518 1371 720 1416 Klotzius
749 1371 825 1428 (ad
841 1371 1008 1414 Devar.
1042 1372 1099 1414 II.
1136 1371 1262 1426 198):
1304 1372 1477 1416 Eadem
1505 1375 1575 1416 vis
1605 1378 1647 1417 et
1669 1388 1753 1429 po-

202 1457 336 1498 testas
361 1452 618 1508 particulae
652 1449 766 1508 ἄτοίρ
797 1452 913 1503 (scil.
955 1452 1271 1507 oppositionis)
1314 1453 1450 1497 durat
1492 1453 1533 1497 si
1574 1454 1749 1509 quando

199 1533 418 1589 oppositio
468 1547 600 1589 quam
644 1533 858 1588 exprimit
911 1546 958 1576 eo
1008 1533 1278 1589 adametur,
1332 1533 1448 1588 quod
1492 1533 1756 1590 adjzmyitur'

193 1614 427 1671 particula
467 1613 610 1670 ὅμως,
652 1614 788 1658 veluti
829 1614 1001 1670 factum
1042 1618 1114 1681 ⁴est
1144 1614 1267 1669 apud
1311 1599 1656 1669 Aristophanem
1701 1615 1749 1659 in

204 1695 360 1751 Vespis
389 1711 430 1739 v.
462 1698 563 1740 979.
596 1709 687 1751 sqq.
721 1709 804 1751 quo
838 1695 929 1740 loco
961 1695 1040 1740 hoe
1085 1695 1274 1739 dieitur:
1315 1695 1380 1739 At
1426 1699 1569 1740 tamen
1609 1697 1748 1753 igitur

196 1778 476 1831 descendam,
517 1777 635 1832 quod
672 1781 736 1820 est
770 1777 928 1832 paullo
960 1777 1092 1820 aliter
1122 1776 1287 1820 dietum
1338 1781 1468 1832 atque
1499 1777 1613 1820 illud
1644 1775 1745 1819 ἀλλ’

197 1857 309 1912 ὅμως
339 1859 392 1902 de
424 1872 508 1913 quo
544 1859 602 1914 ef.
629 1857 799 1902 Devar.
832 1858 898 1902 ΙΙ,
925 1873 974 1913 p.
996 1862 1071 1902 72.
1103 1858 1264 1914 Recte,
1294 1866 1395 1902 na'm
1428 1859 1463 1902 si
1495 1858 1614 1915 legas
1646 1857 1749 1900 ἄλλ’

196 1938 331 1996 ὅμως,
361 1939 664 1996 καταβήσομαι
694 1946 827 1984 esset:
859 1940 925 1984 At
956 1944 1096 1984 tamen
1128 1940 1399 1992 descendam,
1430 1940 1494 1983 ita
1523 1945 1572 1983 ut
1603 1938 1748 1983 desset

198 2021 365 2066 vinculi
396 2022 618 2066 interioris
636 2056 649 2078 ,
685 2021 801 2080 quod
837 2021 1067 2080 conjungit
1115 2022 1359 2077 enuntiata,
1390 2022 1583 2079 signum,
1630 2019 1748 2079 quod

195 2104 310 2146 inest
338 2103 384 2146 in
415 2101 527 2159 α’τὰρ
561 2101 693 2158 ὅμως,
729 2101 948 2159 simulque
978 2102 1121 2160 magis
1154 2101 1334 2145 effertur
1365 2101 1581 2160 oppositio
1598 2106 1750 2145 contra

196 2183 334 2228 verba
364 2199 446 2243 per
476 2184 615 2225 καίτοι
646 2182 914 2227 introducta.

324 2266 471 2324 Atque
505 2265 615 2309 haec
657 2265 878 2309 sufficiant
920 2264 975 2308 de
1019 2263 1237 2323 particula
1283 2262 1417 2321 α’τοῖρ,
1460 2265 1585 2324 cujus
1626 2264 1748 2314 vocis

192 2346 392 2408 pleniore
434 2347 575 2391 forma
606 2362 719 2405 quae
749 2353 815 2390 est
846 2346 988 2403 αὔταρ
1008 2346 1202 2389 comicus
1222 2346 1306 2389 nisi
1336 2347 1382 2389 in
1396 2346 1582 2404 parodia
1620 2346 1746 2403 epica

189 2442 277 2471 non
288 2428 436 2472 utitur.
469 2427 655 2485 Legitur
666 2427 802 2486 Vesp.
821 2427 935 2472 1092
957 2427 1003 2470 in
1034 2442 1166 2471 versu
1180 2426 1403 2470 homerico
1434 2424 1564 2483 (efill
1591 2423 1624 2467 α’
1643 2425 1743 2470 463.

192 2509 279 2554 Od.
312 2526 350 2562 γ.
392 2508 516 2567 461),
546 2508 629 2552 Av.
663 2508 750 2552 983
783 2510 828 2551 in
858 2509 959 2552 ficto
993 2508 1172 2553 oraculo
1202 2515 1301 2568 post
1318 2515 1527 2567 sequente
1560 2507 1744 2568 apodosi

192 2606 272 2649 per
303 2589 356 2646 δὴ
372 2589 464 2632 τότε
481 2605 523 2632 v.
546 2590 646 2632 985.
664 2590 899 2633 Restarent
927 2589 1171 2648 particulae
1201 2588 1320 2632 α’λλοὶ
1348 2596 1391 2632 et
1422 2588 1486 2645 δέ,
1514 2589 1569 2632 de
1585 2588 1743 2648 quibus

191 2677 373 2731 propter
385 2671 579 2716 locorum
602 2672 775 2730 copiam
796 2678 839 2715 et
864 2687 967 2716 usus
995 2672 1254 2715 varietatem
1273 2677 1441 2716 tantam
1458 2685 1574 2715 nunc
1596 2671 1743 2714 dicere

193 2768 281 2796 non
296 2768 485 2811 possum,
503 2768 639 2811 quare
656 2754 700 2796 in
713 2753 834 2797 aliud
846 2762 1020 2813 tempus
1033 2769 1105 2797 eas
1121 2753 1252 2797 liceat
1266 2752 1466 2797 differam
1476 2749 1743 2796 tractandas.
