1920 3109
904 80 965 155 ,54

233 205 236 207 ’
279 205 577 251 Transeamus
607 203 664 249 ad
709 199 1098 262 interrogationem
1139 203 1375 262 directam,
1413 220 1542 265 quae·
1562 204 1708 250 decies

160 286 277 345 apud
313 285 651 345 Aristophanem
685 286 883 344 sequitur
912 300 1043 329 voces
1072 284 1153 339 ἄγε
1174 283 1243 343 δή,
1263 291 1406 345 atque
1436 287 1509 331 ita·
1529 285 1707 347 quidem

161 373 210 411 ut
240 366 426 412 verbum
466 367 831 427 interrogativum
872 382 959 410 uno
1004 381 1177 425 quoque
1217 365 1313 410 loco
1351 368 1546 426 excipiat
1592 368 1706 412 hanc
1758 387 1767 391 ·

163 447 528 493 adhortationem.
544 447 718 492 Horum
736 447 1040 507 exemplorum
1056 462 1168 507 quae
1189 454 1377 507 quatuor
1388 462 1571 493 numero
1586 463 1711 508 prae-

162 546 261 575 sens
290 536 465 589 tempus
494 530 541 573 in
571 531 917 588 interrogatione
948 530 1161 574 exhibent
1190 530 1273 589 Eq.
1301 530 1405 574 482,
1458 529 1575 574 Nub.
1609 529 1709 574 636.

166 610 271 653 Pac.
306 610 407 653 922.
439 609 526 654 Av.
560 610 647 654 809
680 611 744 653 ita
774 626 820 654 se
851 609 1032 667 habent,
1078 615 1126 655 ut
1156 610 1231 670 qui
1261 611 1505 668 interrogat
1534 625 1711 669 respon-

163 706 257 735 sum
289 691 482 750 postulet
509 691 565 735 ab
597 692 879 750 interrogato,
921 707 1267 752 responsumque
1297 693 1442 751 ipsum
1477 698 1708 756 sequatur,

163 778 340 832 praeter
368 773 452 831 Eq.
485 788 527 816 v.
558 772 648 817 482
677 772 756 817 ubi
789 772 960 830 chorus,
991 788 1077 832 qua
1109 779 1175 817 est
1206 773 1494 833 impatientia,
1539 767 1708 832 Agora·
1742 805 1745 808 ι

165 854 265 899 criti
285 869 493 915 responso
523 870 612 900 non
644 861 879 914 expectato
896 871 939 899 v.
970 854 1060 899 485
1099 855 1195 914 ipse
1241 854 1350 899 dicit
1380 855 1500 914 quod
1521 870 1702 915 respon·

167 935 310 986 dentis
339 935 506 991 fuisset,
536 935 584 978 id
617 935 736 993 quod
766 935 906 995 probe
938 934 1158 979 intellexit
1187 934 1477 992 Ribbeckius,
1516 942 1711 981 vertens:

375 1016 511 1070 „Nun
541 1016 690 1072 sprich
720 1030 812 1060 was
844 1016 997 1060 denkst
1026 1016 1086 1060 du
1102 1017 1216 1072 jetzt
1244 1031 1301 1060 zu
1334 1016 1502 1060 thun?“

286 1097 536 1156 Sequantur
568 1096 679 1140 Rau.
712 1113 754 1140 v.
786 1096 889 1141 460.
934 1096 1112 1141 Thesm.
1144 1096 1244 1142 765.
1294 1096 1410 1142 Plut.
1452 1096 1509 1142 56
1554 1096 1712 1156 quibus

165 1178 273 1223 locis
302 1178 500 1223 futurum
531 1179 751 1237 sequitur,
781 1184 825 1221 et
854 1178 973 1222 Pluti
1000 1178 1185 1237 quidem
1212 1194 1344 1223 versu
1374 1193 1461 1237 quo
1506 1178 1632 1223 vultu
1669 1185 1713 1222 et

167 1258 347 1304 consilio
393 1258 598 1319 loquatur
645 1258 779 1304 Cario
825 1259 988 1318 optime
1028 1265 1151 1318 patet
1191 1275 1250 1304 ex
1290 1260 1575 1319 sequentibus
1635 1260 1711 1316 (cf.

166 1340 309 1384 Schol.
340 1355 378 1383 a.
394 1340 436 1382 h.
468 1339 496 1382 1.
528 1345 573 1383 et
602 1355 715 1398 quae
746 1340 846 1383 adn.
879 1339 1143 1397 Thiersch.).
1178 1339 1388 1385 Ceterum
1419 1339 1535 1384 hunc
1565 1339 1709 1384 locum

167 1435 225 1464 ex
257 1419 563 1464 emendatione
593 1420 784 1479 Bentleji
814 1421 911 1479 jure
944 1420 1136 1464 editores
1160 1422 1443 1467 restituerunt
1472 1421 1712 1465 novissimi.

165 1501 383 1545 Futurum
416 1515 524 1545 vero
552 1500 631 1546 ubi
654 1503 853 1561 sequitur
868 1511 1125 1560 responsum
1137 1487 1279 1561 neque
1300 1501 1545 1561 postulatur
1570 1516 1712 1561 neque

166 1587 441 1639 expectatur,
471 1588 520 1626 ut
550 1582 726 1626 Thesm.
758 1582 846 1626 765
895 1582 1192 1627 Mnesilochus
1222 1597 1268 1627 se
1297 1583 1440 1642 ipsum
1471 1583 1714 1642 interrogat

167 1678 316 1706 secum
374 1668 582 1723 reputans
638 1662 693 1707 de
749 1662 856 1723 fuga
911 1664 1080 1724 pariter
1143 1669 1274 1723 atque
1322 1662 1550 1723 Dionysus
1607 1664 1713 1709 facit

170 1744 281 1788 Ran.
330 1760 369 1787 v.
423 1745 527 1788 460.
618 1744 702 1788 His
753 1745 861 1789 locis
904 1745 1069 1804 optime
1128 1743 1455 1803 subjunguntur
1505 1751 1711 1806 quattuor

168 1825 233 1870 illi
262 1840 461 1882 numero,
492 1826 538 1871 in
570 1825 730 1885 quibus
761 1826 1067 1884 conjunctivus
1107 1826 1183 1884 qui
1214 1825 1376 1869 dicitur
1399 1825 1714 1869 deliberativus

171 1908 247 1966 (cf.
276 1907 388 1952 Ran.
420 1923 463 1951 v.
484 1908 529 1964 l)
560 1908 607 1952 in
637 1907 984 1966 interrogatione
1015 1906 1214 1966 sequitur
1245 1921 1377 1951 voces
1408 1905 1487 1959 ἄγε
1517 1905 1574 1964 δή
1607 1906 1712 1951 Pac.

167 2005 210 2032 v.
243 1988 344 2033 263.
376 1988 457 2032 Av.
491 1988 619 2033 1574.
651 1988 828 2033 Thesm.
860 1988 960 2032 652.
994 1988 1104 2032 Ran.
1139 1988 1239 2031 277.
1299 1987 1363 2032 Ut
1404 1988 1521 2031 enim
1561 1989 1607 2031 in
1650 1988 1712 2032 fu·

167 2076 268 2113 turo
299 2072 362 2113 sic
393 2070 527 2113 etiam
555 2070 602 2112 in
633 2069 702 2113 his
731 2068 1148 2126 interrogationibus
1178 2082 1436 2128 responsum
1466 2083 1555 2113 non
1571 2074 1715 2127 postu-

171 2149 301 2196 latur.
366 2150 711 2210 Oonjunctivum
744 2151 861 2194 enim
906 2149 1246 2194 deliberativum
1277 2164 1378 2193 cum
1418 2148 1565 2194 futuro
1609 2141 1714 2195 satis

170 2237 294 2276 arcta
323 2232 652 2292 propinquitate
669 2232 951 2292 conjunctum
983 2247 1076 2276 esse
1107 2247 1251 2291 neque
1281 2232 1441 2276 mirum
1472 2238 1549 2288 est,
1580 2241 1714 2291 quum

170 2315 347 2358 omnino
379 2315 649 2373 conjunctivi
679 2313 871 2359 indolem
903 2313 1089 2358 eandem
1119 2314 1166 2356 in
1180 2313 1435 2358 universum
1467 2327 1560 2357 esse
1584 2318 1715 2371 atque

168 2396 306 2441 futuri
337 2397 526 2440 sciamus
559 2396 627 2452 (cf.
654 2395 971 2454 Naegelsbach.
1004 2394 1058 2439 ad
1083 2394 1210 2439 Iliad.
1239 2394 1274 2437 I.
1307 2394 1365 2438 32
1396 2398 1470 2450 n.),
1501 2399 1545 2436 et
1559 2407 1611 2436 eo
1643 2391 1715 2437 de—

167 2483 450 2530 monstratur,
482 2477 601 2536 quod
631 2493 712 2537 pro
744 2477 1026 2536 conjunctivo
1056 2476 1132 2520 illo
1163 2491 1252 2520 non
1283 2489 1384 2519 raro
1415 2474 1609 2520 futurum
1639 2489 1717 2535 po-

168 2561 288 2605 nitur
319 2559 396 2617 (cf.
428 2560 644 2604 Fritzsch.
677 2558 736 2603 ad
766 2559 878 2603 Ran.
912 2574 954 2601 v.
987 2558 1106 2615 310).
1170 2557 1444 2616 Responsum
1490 2571 1599 2601 vero
1628 2570 1716 2599 non

169 2644 292 2704 posci
332 2644 496 2703 optime
543 2641 673 2686 docet
702 2642 810 2687 Ran.
851 2640 937 2685 263
975 2654 1119 2700 neque
1150 2654 1245 2683 rem
1296 2637 1424 2683 aliter
1465 2652 1513 2683 se
1553 2636 1717 2682 habere

151 2724 353 2785 ‘reliquis
382 2723 490 2769 locis
529 2723 682 2768 docuit
710 2722 981 2767 Fritzschius
1012 2720 1091 2779 (ad
1121 2719 1299 2765 Thesm.
1332 2718 1456 2777 652).
1518 2718 1718 2776 Utroque

171 2807 286 2851 enim
319 2805 417 2850 loco
450 2811 494 2850 et
524 2806 751 2864 Dionysus
797 2810 840 2848 et
880 2804 1045 2850 femina
1078 2802 1282 2847 dubitant
1312 2800 1419 2860 quid
1460 2800 1518 2843 sit
1558 2798 1715 2843 facien—
