1920 3109
948 115 1007 159 85

206 238 374 282 ironica
404 253 534 297 quam
566 238 610 281 in
657 237 801 295 δήπου
841 240 982 283 inesse
1029 238 1166 284 docet.
1185 238 1290 282 Pac.
1319 254 1361 280 v.
1400 236 1501 281 519.
1560 238 1612 281 In
1649 239 1741 281 uni-

204 332 380 362 versum
407 316 554 374 δήπου
584 324 739 378 quater
770 325 814 363 et
843 319 981 363 vicies
1010 318 1130 379 apud
1162 318 1519 379 Aristophanem.
1537 318 1741 374 occurrit,

205 398 446 457 etquidem
474 400 520 441 in
549 400 892 456 interrogatione
922 400 1065 442 sexies
1095 399 1205 443 Ach.
1236 414 1277 444 v.
1312 400 1397 442 122
1442 399 1519 456 (cf.
1556 382 1734 452 Elmsl.)

202 477 282 537 Eq.
315 477 416 522 900.
447 478 529 522 Av.
566 478 663 522 179.
693 478 794 523 269.
827 478 950 523 Eccl.
968 479 1068 523 327.
1104 480 1220 524 Plut.
1242 479 1352 534 2613
1382 481 1428 524 in
1444 478 1595 523 verbis
1625 478 1740 531 affir-

202 559 415 602 mantium
446 557 533 601 duo
566 557 621 601 de
650 558 786 613 vicies
818 558 949 616 Vesp.
980 558 1079 602 663.
1113 559 1240 621 1375.
1271 559 1377 602 Pac.
1399 559 1494 602 145.
1511 558 1613 602 350.
1635 557 1737 601 955.

207 636 336 681 1089.
364 636 467 694 Lys.
500 636 601 681 805.
633 633 732 683 913.
767 636 938 681 Thesm.
971 638 1072 684 819.
1105 636 1227 682 Eccl.
1245 638 1346 683 659.
1363 638 1463 682 661.
1495 637 1607 682 Plut.
1632 637 1735 681 491.

202 717 305 760 497.
336 717 437 761 519.
467 718 567 761 523.
600 718 703 761 549.
734 717 835 761 582.
866 718 969 762 587.
1029 718 1211 763 Restant
1238 719 1341 777 Lys.
1373 718 1474 762 517.
1504 718 1615 762 Ran.
1636 717 1736 773 526,

206 813 391 857 quorum
422 799 572 857 priore
597 792 700 843 ‘loco
732 797 918 855 δήπουέ,
936 799 1161 844 Meinekio
1192 805 1431 859 praeeunte
1461 798 1639 856 Engero
1664 798 1737 841 de·

202 881 337 925 letum
369 886 456 935 est,
493 881 539 922 in
568 880 664 924 loco
694 880 787 924 sine
820 880 953 924 dubio
983 880 1213 935 lacunoso‚
1255 880 1360 924 dum
1402 880 1512 923 Ran.
1544 879 1632 926 526
1680 878 1736 921 οὔ

204 959 260 1016 δή
290 974 376 1002 που
406 958 640 1024 legendum
681 959 878 1015 videtur,
924 974 1067 1018 neque
1108 975 1215 1003 vero
1253 966 1302 1002 ut
1341 958 1437 1002 vult
1465 958 1736 1005 Fritzschius

202 1037 255 1082 οὕ
293 1038 454 1096 δήπου,
495 1045 570 1084 aut
615 1037 673 1082 ου’
697 1041 737 1082 τί
775 1054 862 1083 που
907 1040 983 1100 (cf.
1014 1040 1165 1101 Herm.
1211 1040 1268 1084 ad
1312 1038 1408 1099 Iph.
1449 1038 1583 1083 Taur.
1627 1037 1734 1095 904)

200 1120 367 1177 (Stallb.
398 1120 456 1163 ad
485 1113 597 1164 Plat'.
630 1120 783 1179 Symp.
817 1121 901 1164 194
931 1121 1019 1176 B.).

318 1200 485 1244 Vocem
516 1200 747 1258 δήπουθεν
778 1201 967 1260 denique
997 1200 1116 1245 idem
1147 1200 1395 1259 significare
1425 1206 1556 1259 atque
1587 1198 1733 1257 δήπου

200 1286 310 1323 teste
340 1281 546 1338 Kriigero
577 1280 630 1336 (Ι.
660 1277 706 1339 ξ.
739 1281 810 1323 69.
844 1281 919 1338 19)
950 1282 1154 1339 accipias,
1186 1281 1269 1324 nisi
1299 1281 1411 1324 forte
1441 1281 1487 1323 in
1518 1278 1733 1337 exemplis

199 1360 522 1420 Aristophaneis
556 1362 602 1404 in
630 1375 741 1404 voce
771 1359 1003 1417 δήπουθεν
1032 1361 1244 1420 majorem
1271 1360 1488 1420 quendam
1529 1358 1732 1413 fiduciae,

197 1447 246 1483 ut
274 1441 337 1483 ita
367 1439 524 1496 dicam,
554 1440 741 1502 gradum
773 1442 1025 1499 conspicere
1056 1441 1177 1485 velis.
1240 1441 1423 1498 Legitur
1453 1440 1595 1498 Vesp.
1627 1439 1728 1481 295.

198 1521 299 1564 Pac.
338 1520 463 1565 1019.
495 1521 581 1565 Av.
617 1521 714 1567 187.
745 1521 858 1566 Plut.
893 1522 989 1566 140.
