1920 3109
725 698 928 744 CAPUT
958 696 1203 743 PRIMUM

408 823 501 872 DE
538 823 954 872 PARTICULIS
992 820 1523 869 ADVERSATIVIS.

319 1031 506 1075 Initium·
537 1030 672 1074 faciat
715 1029 1029 1073 dissertationis
1073 1028 1290 1087 particula
1333 1028 1417 1083 μέν
1460 1041 1591 1085 quam
1634 1026 1738 1084 jure

201 1109 515 1155 nobilissimam
546 1109 654 1154 dicit
686 1110 1018 1167 HogeveeniuS‚
1050 1109 1213 1167 quippe
1245 1123 1357 1167 quae
1389 1123 1447 1151 ex
1477 1122 1629 1151 eorum
1659 1123 1737 1150 nu-

202 1204 323 1234 mero
353 1191 421 1246 sit,
450 1205 531 1249 per
560 1205 680 1248 quas,
708 1196 758 1233 ut
786 1205 867 1248 per
896 1204 1055 1233 nervos
1085 1190 1132 1232 in
1160 1203 1345 1247 corpore
1375 1188 1565 1231 humano
1592 1187 1723 1243 singu

202 1269 271 1313 lae
290 1274 438 1327 partes
468 1271 800 1325 conjunguntur,
830 1269 893 1312 ita
921 1268 1097 1325 linguae
1127 1273 1289 1326 partes,
1319 1267 1368 1310 id
1400 1273 1466 1310 est
1499 1266 1736 1319 enuntiata,

202 1347 401 1391 arctioris
434 1348 614 1391 rationis
643 1347 835 1405 quodam
876 1347 1073 1402 vinculo,
1113 1347 1169 1391 ab
1214 1347 1390 1404 ingenio
1420 1345 1598 1403 linguae
1640 1358 1738 1402 pro-

203 1427 340 1483 fecto,
381 1428 494 1470 inter
538 1442 584 1471 se
627 1427 896 1486 copulantur.
969 1415 1117 1481 Quum
1163 1442 1270 1470 vero
1319 1426 1448 1484 hujus
1492 1424 1736 1485 particulae

203 1521 306 1550 usus
344 1505 464 1564 apud
504 1505 841 1564 Aristophanem
883 1505 1123 1550 admodum
1161 1506 1219 1549 sit
1255 1505 1425 1562 varius,
1471 1505 1518 1547 in
1561 1518 1614 1547 ea
1651 1508 1737 1545 tra-

203 1585 363 1630 ctanda
392 1585 516 1630 illum
546 1587 670 1645 sequi
700 1587 836 1631 satius
868 1586 978 1631 duxi
1012 1586 1223 1643 ordinem,
1253 1591 1303 1631 ut
1332 1586 1388 1630 ab
1419 1586 1482 1629 eis
1501 1584 1608 1629 locis
1638 1598 1737 1640 pro-

199 1665 393 1720 ficiscar,
438 1666 514 1709 ubi
558 1666 641 1719 μέν
685 1680 773 1709 non
811 1672 1019 1724 sequente
1051 1666 1267 1724 particula
1298 1665 1349 1707 δέ
1390 1671 1465 1708 aut
1502 1664 1589 1707 alia
1629 1678 1734 1721 qua-

201 1744 303 1789 dam
332 1744 549 1803 particula
580 1744 853 1801 correlativa,
883 1761 964 1804 per
995 1761 1041 1789 se
1071 1745 1222 1801 solum,
1254 1751 1330 1789 aut
1354 1760 1454 1789 cum
1484 1743 1581 1787 aliis
1604 1743 1737 1801 parti-

199 1822 307 1867 culis
347 1824 626 1881 conjunctum
672 1824 855 1881 legitur,
905 1824 1066 1868 deinde
1113 1839 1186 1868 eos
1235 1823 1355 1868 locos
1397 1828 1606 1879 tractem,
1656 1821 1734 1865 ubi

201 1901 498 1947 membrorum
530 1903 710 1961 quidam
740 1920 882 1948 nexus
912 1919 994 1964 per
1024 1904 1285 1963 particulam
1314 1904 1397 1958 μέν
1426 1903 1625 1947 efficitur.

316 1983 384 2026 De
415 1984 584 2041 origine
615 1990 658 2027 et
688 1985 1005 2042 significatione
1035 1986 1157 2029 vocis
1183 1985 1393 2043 primaria
1423 1984 1618 2028 dubitari
1647 1998 1736 2027 non

198 2068 346 2122 potest
370 2063 476 2122 quin
507 2068 626 2107 recte
667 2064 898 2108 statuerint
924 2064 1236 2121 Grammatici,
1281 2079 1377 2108 eam
1419 2078 1478 2106 ex
1515 2062 1734 2122 particula

194 2143 282 2198 μὴν
310 2148 508 2186 exortam
540 2158 633 2186 esse
665 2143 739 2198 (of.
769 2143 1021 2187 Baumlein:
1067 2144 1460 2200 Untersuchungen
1487 2143 1619 2186 iiber
1660 2142 1732 2185 die

196 2219 358 2278 griech.
388 2220 613 2264 Partikeln
643 2236 685 2279 p.
720 2220 818 2277 159,
848 2221 1059 2267 Matthiae
1080 2222 1156 2267 Gr.
1177 2222 1254 2266 Gr.
1274 2221 1319 2283 ξ.
1342 2222 1443 2266 622.
1505 2222 1732 2281 Hartung:

195 2300 341 2344 Lehre
373 2316 463 2345 von·
491 2301 576 2344 den
604 2301 831 2345 Partikeln
863 2308 945 2347 etc.
976 2303 1061 2347 vol.
1093 2305 1151 2347 Π.
1184 2320 1227 2362 p.
1261 2304 1368 2358 390)
1399 2318 1531 2362 quam
1561 2309 1731 2347 senten—

194 2379 301 2421 tiam
359 2380 490 2422 etiam
539 2380 764 2425 veteribus
813 2382 1044 2440 probatam
1096 2382 1228 2426 fuisse
1272 2397 1330 2426 ex
1360 2382 1580 2427 Eustathii
1635 2397 1730 2426 ver-

195 2457 262 2501 bis
307 2457 514 2515 colligere
544 2459 667 2510 licet,
710 2460 769 2504 ad
800 2461 840 2504 Il
870 2463 904 2502 α’
940 2462 999 2505 35
1030 2461 1232 2506 dicentis:
1277 2461 1337 2512 ὥς
1367 2476 1453 2505 που
1484 2464 1558 2504 καὶ
1587 2461 1612 2504 ὅ
1642 2466 1729 2518 μὴν

194 2535 425 2593 σύνδεσμος
459 2540 542 2593 μὲν
572 2538 738 2593 λέγεται
782 2540 891 2583 κατὰ
938 2540 1148 2597 συστόλην
1189 2540 1270 2585 κτὲ.
1332 2542 1457 2598 Quae
1503 2557 1638 2601 quum
1667 2542 1730 2586 ita

192 2617 278 2661 sint
318 2618 364 2661 in
394 2618 545 2677 aprico
591 2626 657 2664 est
684 2621 1048 2679 significationem
1078 2622 1320 2681 particulae
1349 2623 1432 2678 μέν
1471 2622 1728 2681 primariam

193 2698 379 2742 eandem
433 2714 527 2743 esse
568 2699 751 2756 debere,
804 2707 934 2761 atque
979 2703 1220 2761 particulae
1259 2702 1370 2760 μήν,
1415 2702 1463 2746 id
1508 2709 1593 2758 est,
1637 2704 1728 2745 vim

193 2778 432 2834 particulae
481 2794 573 2824 esse
620 2779 781 2825 debere
832 2782 1157 2837 affirmativam,
1211 2799 1268 2827 ex
1319 2798 1405 2842 quo
1457 2783 1552 2842 jam
1606 2788 1727 2841 patet
