1920 3109
917 74 970 118 18

169 193 398 252 particulis
431 195 624 251 καὶ-μέν,
658 211 771 255 quae
811 195 1029 255 leguntur«
1047 197 1158 242 Ach.
1199 199 1288 246 428
1320 201 1401 261 Eq.
1446 202 1559 247 1131
1594 202 1712 248 Nub.

171 272 271 316 545.
305 274 442 333 Vesp.
474 276 575 320 655.
608 276 708 319 77-1.
740 276 913 320 Thesm.
945 278 1016 321 97.
1234 299 1236 301 ·

289 354 361 398 De
392 356 622 414 particulis
649 358 732 412 μὲν
763 356 820 413 δή
849 372 892 400 v.
920 358 1036 402 infra
1067 359 1112 401 in
1141 359 1358 417 particula
1404 375 1517 418 quae
1548 367 1614 405 est
1644 359 1712 418 δή.

168 432 419 477 Particulae
447 438 535 490 μέν-
547 451 617 489 γε,
650 399 775 495 qua?
789 438 1011 481 rarissime
1035 454 1069 481 >a
1101 439 1305 496 Tragicis
1336 439 1532 498 copulari
1560 446 1715 485 auctor

170 519 235 556 est
264 514 484 560 Porsonus
522 516 581 560 ad
610 517 735 560 Med.
767 518 899 573 1090,
944 518 1065 576 apud
1094 518 1434 577 Aristophanem
1474 520 1626 563 novies
1655 520 1715 563 le-

168 600 344 651 guntur,
375 594 487 638 Ach.
518 596 618 640 154.
647 596 765 640 Nub.
815 597 942 640 1172.
979 597 1093 644 1382
1124 598 1229 656 Lys.
1264 598 1389 642 1165.
1440 600 1568 644 1236.
1600 600 1711 644 Ran.

170 673 242 717 80.
273 675 375 718 290.
410 676 510 720 907.
539 675 654 720 Plut.
686 677 792 733 6653
826 677 985 736 quibus
1026 678 1133 721 locis
1162 680 1245 732 μέν
1280 680 1401 723 vocis
1445 679 1712 737 praeceden-

170 754 228 797 tis
258 755 351 797 vim
381 761 542 813 urguet
571 756 622 808 γέ
654 762 800 800 autem
830 758 1069 815 restringit,
1102 762 1182 800 aut·
1197 759 1549 816 argumentativo
1578 757 1710 803 modo

169 836 361 891 positum
394 841 472 891 est,
503 842 552 879 ut
582 836 693 880 Rau.
726 837 807 889 80;
852 839 1065 892 πρὶν-μέν
1106 843 1251 881 exstat
1296 838 1405 882 Ran.
1450 839 1589 889 1184;
1627 840 1711 894 μέν

170 928 251 956 νυν
279 914 384 959 Pac.
413 916 500 960 497
534 916 613 960 ubi
644 932 751 960 vero
782 917 1004 975 Bergkius
1044 919 1127 973 μὲν
1155 916 1292 971 γὀὕν.
1351 919 1492 963 Porro
1529 917 1588 970 ὥς
1628 921 1712 976 μέν

167 1075 430 1121 Latinorum
476 1082 564 1133 „ut
609 1089 696 1121 uno
736 1078 864 1121 verbo
911 1076 1115 1134 dioam“‘,
1184 1093 1271 1137 quo
1321 1078 1418 1123 loco
1469 1081 1552 1134 μέν
1597 1079 1714 1124 affir-

168 1158 336 1200 mativa
366 1158 411 1199 vi
442 1162 579 1200 totam
609 1157 841 1201 formulam
872 1158 1081 1213 intendit,
1120 1173 1262 1216 neque
1309 1158 1465 1202 debuit
1503 1160 1710 1218 suppleri,

170 1236 289 1295 quod
331 1237 501 1281 ratione
543 1236 785 1281 admodum
825 1239 940 1281 mira
986 1237 1191 1297 supplere
1223 1238 1391 1282 studuit
1435 1236 1711 1297 Hartungius

170 1316 291 1360 Part.
320 1316 377 1359 IL
408 1318 499 1359 410
520 1317 781 1375 explicans:
832 1317 913 1361 Um
944 1331 988 1361 es
1019 1319 1130 1361 kurz
1159 1332 1216 1360 zu
1246 1332 1393 1373 sayen,
1438 1333 1486 1362 so
1517 1320 1715 1363 wansche

143 1400 146 1404 '
169 1397 240 1440 ich
254 1431 264 1450 ‚
296 1397 401 1440 dass
432 1398 572 1461 Zeu-ss
602 1397 679 1441 ilm
720 1398 950 1441 verderbe:
1001 1398 1251 1441 ausserdem
1280 1398 1385 1441 sc'ilze
1415 1399 1484 1442 ich
1510 1385 1562 1442 ‘es
1588 1413 1711 1455 ρενη,

154 1471 296 1520 &vemt
352 1477 443 1520 ihm
494 1478 587 1520 dies
643 1478 748 1520 oder
784 1482 905 1528 jenes
950 1478 1229 1532 widerfiae'hre.
1312 1477 1410 1520 Hoc
1464 1493 1551 1522 non
1603 1479 1716 1522 inest

171 1557 217 1599 in
248 1555 357 1601 loco.
1381 1612 1385 1615 ἢ

290 1637 383 1681 Ubi
413 1639 496 1692 μὲν
526 1637 587 1679 ἄν
616 1636 779 1696 legitur
809 1643 858 1681 ut
886 1637 970 1696 Eq.
1006 1638 1115 1683 1131
1148 1637 1240 1682 Av.
1267 1637 1369 1681 555.
1402 1637 1523 1695 (Ran.
1544 1637 1645 1693 866,
1675 1638 1714 1680 si

170 1716 351 1776 quidem
368 1716 598 1761 Brunckio
615 1716 889 1760 credendum
919 1721 1014 1772 est,)
1047 1717 1105 1758 ἄν
1118 1716 1176 1760 ad
1205 1717 1391 1760 verbum
1423 1703 1614 1775 pertinet
1641 1716 1716 1774 (cf.

169 1796 385 1840 Fritzsch.
414 1796 473 1839 ad
504 1797 615 1840 Rau.
645 1796 745 1840 866.
805 1796 958 1840 Herm.
984 1796 1043 1839 ad
1073 1796 1190 1840 Nub.
1223 1795 1338 1839 1344
1367 1795 1522 1839 Matth.
1559 1795 1638 1840 Gr.
1669 1792 1715 1855 ξ.

170 1877 286 1931 509).
328 1876 506 1919 Deinde
538 1875 616 1920 ubi
644 1878 728 1931 μὲν
759 1874 846 1932 γάρ
877 1875 1083 1934 leguntur
1113 1875 1268 1919 eodem
1298 1873 1430 1918 modo
1451 1875 1574 1918 vocis
1603 1889 1716 1933 quae

169 1946 400 2014 praecedit
445 1957 536 1998 vim
582 1962 715 2013 auget
742 1957 839 2012 μέν,
868 1955 955 2013 γάρ
986 1971 1095 1999 vero
1126 1970 1305 1999 causam
1334 1955 1482 1998 infert.
1525 1955 1718 1998 Exstant

171 2035 415 2096 particulae
445 2036 551 2080 Pac.
584 2035 653 2079 24.
683 2035 769 2091 40,
799 2036 878 2080 ubi
906 2035 1035 2080 simul
1064 2035 1307 2094 particulae
1337 2035 1421 2091 μέν
1450 2032 1718 2093 respondent

171 2116 225 2158 οὐ
255 2117 365 2172 μήν;
397 2116 456 2159 ib.
494 2116 591 2158 125.
652 2116 732 2160 Av.
767 2117 838 2158 32.
873 2117 1002 2160 1061.
1037 2117 1165 2158 1220.
1199 2115 1489 2158 Τὴθεω.766.
1520 2113 1620 2158 Ran
1644 2113 1714 2157 7-2.

174 2197 255 2240 121
301 2196 379 2240 ubi
426 2194 663 2253 respondet
701 2194 847 2246 ἄλλά,
892 2196 991 2240 Ran
1031 2196 1131 2238 911.
1182 2195 1253 2248 (cf.
1290 2194 1406 2237 Reis.
1448 2193 1574 2251 Conj.
1613 2192 1715 2236 230.

171 2277 346 2320 Dawes.
378 2275 561 2319 Miscell.
593 2291 637 2334 p.
671 2275 786 2333 209.)
817 2275 863 2318 ib
898 2275 1028 2330 1032,
1062 2274 1191 2318 1054.
1251 2273 1374 2317 Eccl.
1396 2274 1494 2319 109.
1524 2272 1642 2316 Plut.
1673 2287 1715 2314 v.

171 2358 260 2401 422
303 2356 381 2400 ubi
421 2371 502 2413 pro
545 2355 696 2399 verbis
728 2353 849 2410 ὠχρὰ
895 2357 977 2409 ’μὲν
1006 2355 1092 2409 γάρ
1136 2353 1283 2411 legere
1319 2352 1549 2411 proposuit
1594 2349 1715 2408 ὠχροὶ

170 2436 335 2492 μαινὰς
365 2435 420 2478 Α.
443 2433 498 2478 de
529 2435 690 2479 Velsen
722 2436 769 2478 in
801 2434 949 2492 Symb.
972 2433 1280 2493 philoLBonn.
1310 2448 1354 2490 p.
1386 2431 1493 2487 4113
1528 2430 1716 2490 denique

171 2505 285 2560 Plut.
318 2516 420 2560 502.
451 2515 624 2558 Horum
653 2516 851 2564 locorum
882 2514 1101 2557 nonnullis
1134 2514 1266 2556 etiam
1295 2514 1379 2567 μέν
1407 2513 1716 2571 praeparative

170 2597 360 2654 positum
393 2601 470 2651 est,
499 2610 586 2654 qua
618 2595 673 2638 de
694 2611 826 2639 causa
845 2610 998 2639 eorum
1017 2593 1134 2637 infra
1155 2593 1404 2659 accuratior
1433 2592 1510 2635 fiet
1537 2590 1714 2645 mentio,

171 2675 256 2718 hoc
285 2674 382 2718 loco
413 2674 604 2718 sufficiat
635 2690 914 2718 enumerasse
945 2675 1064 2717 locos
1080 2673 1239 2731 quibus
1269 2674 1352 2728 μέν
1382 2686 1482 2716 cum
1512 2670 1600 2714 alia
1618 2685 1716 2728 par-

169 2754 307 2798 ticula
337 2755 620 2812 conjunctum
649 2753 822 2812 legitur.
883 2756 966 2809 μέν
997 2754 1089 2811 ἄρα
1123 2753 1192 2811 (de
1224 2768 1311 2811 quo
1342 2751 1398 2796 cf.
1428 2749 1626 2796 Fischer.
1656 2750 1715 2795 ad
