1920 3109
914 75 974 132 3.ss

165 200 605 261 293.1003.2.l364.
634 200 869 256 NubAEOl.
902 200 1004 257 348,
1035 199 1117 253 Av.
1138 198 1238 255 358.
1270 197 1443 248 Thesm.
1462 196 1563 253 632.
1593 195 1716 251 Eccl.

177 285 277 341 255.
308 266 456 328 Etiam
474 283 595 341 prius
616 280 861 336 membrum
881 281 1247 340 interrogativum
1255 324 1261 337 Δ,
1269 279 1432 341 legitur
1454 278 1591 338 Vesp.
1615 277 1715 326 682.

178 367 317 412 Porro
349 364 395 407 in
440 362 635 408 secundo
663 362 876 424 vmembro
919 369 1017 423 post
1049 363 1290 421 orationem
1322 352 1546 419 obliquam
1577 358 1716 402 habes

178 443 368 491 subitum
401 447 632 494 transitum
677 427 724 488 in
760 428 929 495 *rectam
970 427 1209 490 dictionem
1254 443 1430 488 Thesm.
1475 440 1575 485 266.
1605 440 1715 483 Rau.

185 526 320 582 1006;
355 525 597 585 eodemque
628 524 760 583 modo
791 527 912 585 prius
943 524 1188 569 membrum
1232 524 1402 567 directa
1438 522 1624 566 alterum
1656 521 1720 562 in-

171 598 348 650 directa
366 608 561 651 oratione
592 607 699 665 legis
727 607 859 667 Vesp.
877 608 978 654 572.
1025 606 1079 650 In
1093 605 1277 650 secundi
1307 604 1493 648 membri
1525 608 1718 647 constru-

181 688 324 732 ctione
342 689 518 732 omnino
533 687 773 732 notandum
795 693 859 731 est
891 688 1106 748 comicum
1130 687 1293 731 formas
1309 684 1382 728 vel
1419 684 1620 728 maxime
1643 697 1719 735 va-

179 768 267 812 rias
298 758 561 812 adhibuisse.
610 766 682 812 Sic
714 764 1031 812 adhertationis
1062 766 1254 826 speciem
1286 780 1392 825 prae
1407 780 1454 808 se
1485 764 1572 808 fert
1600 763 1717 808 Plut.

181 849 281 906 619,
313 865 446 908 quum
488 849 593 895 Pac.
638 848 726 892 775
769 849 815 891 in
865 849 1013 908 priore
1053 848 1253 891 membro
1284 846 1536 890 adhortatio
1584 845 1719 889 conti-

178 937 346 986 neatur,
377 929 562 974 alterum
594 930 806 973 enuntiati
837 927 1147 973 conditionalis
1189 927 1334 972 forma
1365 926 1580 981 addatur3
1612 924 1718 984 Lys.
1744 923 1745 926 ’

180 1024 222 1052 v.
252 1005 339 1054 283
369 1010 415 1052 in
454 1010 601 1069 priore
631 1009 830 1053 membro
861 1008 999 1052 habes
1019 1008 1304 1067 participium
1333 1007 1379 1049 in
1411 1006 1549 1049 altero
1582 1020 1718 1049 enun-

177 1090 332 1134 tiatum
363 1090 687 1162 conditionale3
712 1089 914 1149 denique,
945 1089 992 1133 id
1024 1088 1142 1147 quod
1177 1089 1272 1147 jam
1304 1104 1439 1147 supra
1458 1088 1718 1145 monuimus,

178 1170 424 1241 praemissa
446 1170 492 1213 in
522 1170 670 1229 priore
701 1169 898 1214 membro
940 1168 1156 1228 particula
1184 1168 1269 1224 μέν
1306 1168 1493 1212 alterum
1540 1170 1719 1213 omnino

177 1264 266 1292 non
307 1252 525 1307 sequitur,
575 1250 653 1294 sed
699 1250 847 1308 aliqua
897 1266 1029 1294 eausa
1075 1240 1317 1293 commotus
1348 1251 1719 1294 constructionem

180 1323 340 1374 omittit
369 1321 613 1390 poeta,ve1
643 1329 837 1394 maxime
868 1328 945 1381 ibi,
977 1328 1055 1373 ubi
1085 1329 1246 1373 altera
1270 1328 1488 1389 quaedam
1530 1345 1720 1390 persona

178 1409 425 1469 loquentem
457 1410 738 1469 interrumpit
767 1417 817 1455 ut
847 1409 939 1469 Eq.
963 1408 1063 1455 773.
1113 1410 1230 1455 Nub.
1260 1411 1361 1455 649.
1393 1411 1545 1455 Multis
1585 1408 1718 1456 etiam

176 1490 298 1535 lo'cis
310 1492 683 1535 constructionem
712 1492 775 1535 ita
802 1491 931 1537 vides
960 1488 1201 1549 mutatam,
1236 1498 1287 1536 ut
1308 1494 1440 1552 prius
1464 1493 1718 1544 *membrum

178 1573 235 1616 sit
265 1571 475 1630 pendens,
507 1571 694 1616 alterum
708 1593 713 1600 -·
722 1587 804 1631 per
832 1587 880 1617 se
910 1580 1090 1630 constet,
1122 1574 1248 1633 cujus
1262 1575 1329 1618 rei
1360 1575 1566 1634 exemplo.
1592 1577 1720 1620 sunto

169 1651 295 1697 Nub.
325 1652 466 1698 1108.-
513 1652 786 1711 vesp-2552.
826 1653 936 1697 Pac.
976 1654 1094 1703 410.
1124 1654 1225 1699 556.
1265 1654 1350 1699 Av.
1384 1655 1455 1699 76.
1488 1656 1586 1700 157.
1623 1656 1717 1701 185.

165 1723 448 1791 '1089.·Lys'.
484 1733 612 1777 1207.-
634 1734 780 1789 2127125
802 1733 981 1788 Thesm.
1010 1736 1110 1780 418.
1142 1736 1243 1782 478.
1274 1736 1418 1781 Locos
1448 1735 1527 1781 ubi
1556 1737 1720 1797 simpli·

180 1822 277 1857 cem
306 1814 390 1870 μέν
427 1814 626 1873 sequitur
655 1814 876 1874 periodus
909 1830 994 1875 per
1033 1817 1117 1872 μὲν
1147 1814 1291 1859 -ῡ---δὲ
1319 1817 1586 1862 bimembris
1629 1833 1718 1862 non

177 1883 339 1939 multos·
366 1894 518 1939 ¹¹habes
552 1894 1047 1955 apud-Aristophanem
1087 1896 1144 1940 cf.
1176 1896 1261 1956 Eq.
1306 1897 1407 1942 764.
1451 1898 1586 1958 Vesp.
1632 1899 1719 1944 673

178 1974 357 2034 quibus*
376 1975 492 2020 adde
521 1975 644 2021 Plut.
676 1975 763 2021 489
813 1976 892 2026 ubi
937 1978 984 2020 in
1022 1960 1178 2021 eadeim
1221 1980 1544 2038 constructione
1581 1979 1720 2037 habes

178 2051 420 2100 secundum
449 2058 535 2111 μέν
564 2057 769 2101 omissum
800 2063 900 2116 post
938 2057 1061 2112 τούςς
1099 2072 1242 2116 neque
1272 2044 1485 2117 majorem
1517 2060 1718 2106 invenias

171 2141 331 2182 'eorum
359 2150 604 2195 numerum,
635 2133 794 2198 quibus
823 2140 870 2183 in
913 2139 1184 2183 enuntiatum
1209 2138 1454 2183 bimembre
1485 2140 1602 2183 inter
1631 2141 1717 2183 sin-

175 2217 279 2276 gula
308 2219 508 2263 membra
536 2218 746 2279 periodus
776 2219 1031 2267 bimembris
1070 2234 1153 2279 per
1181 2221 1265 2275 μέν
1294 2226 1340 2264 et
1383 2220 1434 2262 δέ
1473 2220 1596 2264 illata
1635 2227 1716 2276 est,

176 2305 226 2344 ut
254 2299 339 2343 Av.
371 2300 469 2346 709.
503 2301 592 2346 837
626 2300 869 2361 eodemque
901 2300 1033 2347 modo
1048 2301 1164 2348 Plut.
1184 2301 1284 2346 665.
1317 2301 1395 2347 ubi
1425 2302 1470 2346 in
1501 2303 1716 2361 positione

177 2381 389 2438 primaria
418 2380 555 2426 habes
582 2382 666 2438 μέν
695 2397 743 2436 γε
777 2408 830 2415 —
861 2384 918 2426 τέ.

293 2458 374 2503 His
404 2461 512 2506 locis
542 2462 842 2507 membrorum
871 2464 1099 2523 responsio
1130 2479 1210 2523 per
1240 2463 1323 2508 hoc
1356 2464 1544 2522 exprimi
1576 2469 1719 2521 potest

176 2537 371 2584 schema:
566 2528 568 2530 ¹

695 2625 847 2680 μὲν-
854 2627 937 2681 μὲν
951 2650 1009 2656 ——
1021 2624 1071 2667 δέ
1084 2650 1136 2655 ——
1152 2623 1202 2668 δέ

719 2725 1174 2754 Μ

177 2791 310 2837 quum
345 2780 467 2842 prius
498 2781 581 2839 μέν
610 2781 764 2846 ultimo
781 2782 843 2840 δέ,
874 2782 1060 2827 alterum
1092 2781 1230 2842 priori
1261 2781 1537 2842 respondeat.
1571 2779 1719 2839 Atque

1381 2865 1410 2910 3
