1920 3109
203 214 426 266 stonicum<
449 212 670 271 quendam
696 213 903 257 >colorem*
925 228 1025 257 cum
1043 219 1147 265 ttosto
1180 214 1402 263 enuntiato
1434 211 1741 267 communicat,

205 294 687 353 qui-sensus-‘ironieus
709 294 1054 353 optimeelucet
1085 309 1155 339 ex,
1188 294 1294 352 Lys.
1327 293 1471 336 v.571
1506 293 1582 337 ubi
1615 307 1745 358 voces

205 374 254 425 ἐξ
272 373 477 431 ἑρίωνδή
509 375 691 418 fex-ead
723 375 1194 418 ironicas-nostratium
1216 389 1346 417 voces
1366 373 1602 417 accedunt:
1634 385 1746 426 „aas

216 453 474 500 Wollarbeoe‘t
512 457 650 500 also“.
714 455 887 499 Thesm.
921 471 971 498 .v.
1019 456 1130 499 1228
1174 453 1269 511 ὥρα
1313 453 1368 511 δή
1407 454 1484 495 ’στι
1525 453 1581 497 ab
1625 454 1744 496 Her-

204 548 362 581 manno
393 538 651 593 restitutum,
682 544 731 582 ut
760 538 939 581 videtur
969 543 1102 580 recte.
1166 537 1250 595 Eq.
1281 535 1382 579 408-
1400 535 1519 594 quod
1550 534 1657 579 olim
1686 533 1746 577 le—

206 618 393 675 gebatur
423 621 603 660 παιῶνα
636 618 688 675 δὴ
721 622 796 660 καὶ
826 625 909 662 etc.
942 634 1012 661 ex.
1046 618 1155 661 Rav.
1187 632 1304 660 nunc
1333 622 1452 659 recte
1483 617 1651 660 editum
1682 622 1747 660 est

149 693 155 699 ⁴
207 700 446 741 παιωνίσαι
469 702 570 742 καὶ.
639 699 809 743 Eodem
851 714 997 754 sensu,
1040 698 1209 756 aliquid
1253 698 1532 741 manifestum
1579 713 1672 753 esse
1704 703 1747 741 et

206 794 420 838 apparere
452 782 584 823 etiam
614 781 762 836 yerbis
794 781 975 824 additur
1004 780 1222 838 particula
1253 779 1318 835 δή,
1349 781 1395 821 in
1434 781 1673 822 enuntiatis
1703 785 1747 822 et

207 861 479 905 affirmativis
511 867 553 905 et
589 863 928 919 interrogativis.
993 861 1067 919 Sic
1097 863 1134 904 si
1179 860 1265 904 Av.
1298 876 1339 903 V.
1384 860 1504 911 1373*
1530 860 1748 915 Cinesias,

208 940 471 985 Anacrontis
502 942 679 1001 quidem
711 943 848 986 verba
878 943 954 999 (cf.
981 943 1111 1000 frgm«.
1144 941 1220 999 24)
1255 956 1483 1000 usurpans,
1514 940 1641 984 dicit:

228 1026 230 1028 ’
544 1022 820 1077 α’ναπέτομαι
853 1023 905 1078 δὴ
938 1023 1048 1077 πρὸς
1071 1021 1299 1079 Ὄλυμπον
1330 1021 1413 1065 κτὲ.

206 1100 260 1159 δή
291 1102 447 1146 vocula
480 1103 526 1146 in
556 1102 877 1146 exclamatione
910 1104 1063 1161 posita,
1096 1118 1189 1146 rem
1212 1103 1448 1161 unicuique
1465 1103 1743 1161 conspicua-m

213 1198 305 1227 esse
335 1182 556 1241 declarat,
606 1199 686 1242 per
716 1183 937 1242 prolepsin
969 1184 1147 1242 quidem
1180 1183 1400 1242 quandam
1431 1199 1524 1227 rem
1553 1184 1744 1228 futuram

205 1278 286 1321 pro
316 1266 549 1321 praesenti
567 1266 799 1323 accipiens,
845 1268 983 1322 ¹quum
1015 1264 1340 1308 Peithetaerum
1382 1264 1514 1307 adeat
1551 1264 1642 1308 alas
1673 1279 1746 1323 pe·

203 1344 375 1399 murus,
406 1359 548 1402 neque
578 1359 683 1388 vero
716 1344 894 1400 habens,
926 1351 1057 1404 atque
1081 1345 1236 1389 eodem
1267 1344 1399 1404 modo
1430 1360 1500 1388 res
1532 1360 1578 1389 se
1609 1344 1744 1390 habet

207 1424 310 1483 Lys.
330 1430 383 1467 jv.
420 1425 553 1481 1108,
598 1425 676 1469 ubi
706 1440 840 1484 quum
872 1427 971 1469 voci
1006 1425 1076 1468 δεῖ
1104 1425 1295 1469 addatur
1334 1425 1552 1484 particula
1599 1424 1654 1481 δή
1685 1448 1744 1456 --

207 1521 318 1566 quae
349 1507 561 1558 vocesuin
602 1506 727 1551 libris
769 1522 869 1551 mss.
914 1507 1155 1552 interdum·
1176 1507 1381 1552 confusae
1425 1507 1629 1565 leguntur
1670 1506 1744 1563 (cf,

206 1571 402 1647 Elmsley
443 1588 500 1631 ad
539 1588 841 1633 Eun-Bacch.
874 1589 980 1646 224)
1006 1614 1068 1633 .-.-
1098 1605 1250 1635 sensus
1282 1595 1371 1644 est,
1412 1602 1503 1633 rem
1536 1590 1653 1632 omni
1687 1603 1745 1631 ex

204 1671 668 1730 parte-necessariam,
684 1686 883 1729 eamque
901 1672 1206 1715 necessitatem
1238 1671 1512 1721 manifestam
1544 1685 1637 1714 esse
1669 1670 1740 1727 (cf.

204 1752 437 1809 Naegelsb.
471 1752 583 1795 Exc.
596 1752 653 1795 ad
670 1752 720 1796 Il.
753 1768 795 1811 p.
817 1752 933 1808 434).
964 1753 1016 1796 In
1034 1753 1263 1796 enunciato
1299 1753 1615 1809 interrogativo
1648 1767 1747 1810 par·

204 1835 404 1892 ticipium
443 1848 552 1876 voce
584 1832 638 1889 δή
682 1840 858 1877 auctum
901 1834 1087 1891 legimus
1126 1834 1210 1892 Eq.
1254 1849 1296 1876 v.
1336 1833 1447 1877 1224
1467 1833 1564 1877 -ubi
1610 1849 1744 1891 quum

202 1915 374 1972 legatur

467 1992 502 2050 ὦ
532 1992 890 2049 μιαρὲκλέπτων
921 1992 976 2049 δή
1005 2009 1058 2047 με
1088 1995 1205 2036 ταῦτ’
1240 1993 1484 2049 ἐξηπάτας

204 2076 310 2136 quid
341 2076 432 2130 sibi·
458 2075 565 2119 velit
593 2073 809 2133 particula
852 2073 909 2131 δή
950 2075 1113 2133 optime
1154 2074 1390 2133 perspicis,
1435 2075 1472 2118 si
1514 2089 1620 2118 eamv
1655 2089 1743 2118 non

201 2156 458 2215 legi-fingis.
507 2155 634 2200 Tunc
666 2156 782 2201 enim
813 2170 964 2200 sensus
994 2154 1078 2199 loci
1097 2161 1209 2198 esset
1233 2170 1357 2200 mere
1387 2155 1739 2211 interrogativus.

201 2237 303 2281 Jam
337 2253 454 2292 vero,
486 2236 643 2281 addita
667 2251 777 2280 voce
810 2235 865 2293 δή
904 2237 1189 2294 interrogatio
1220 2237 1268 2280 in
1297 2237 1490 2295 speeiem
1520 2234 1740 2294 quandam

201 2318 358 2362 transit
386 2316 737 2372 exclamationis,
768 2322 813 2361 et
844 2331 942 2362 rem·
966 2332 1055 2361 non
1085 2323 1176 2360 tam
1206 2317 1379 2376 quaeri,
1412 2332 1542 2376 quam
1572 2331 1742 2360 summa

202 2415 302 2443 cum
332 2400 623 2444 admiratione
663 2398 779 2444 edici
825 2399 1073 2456 intelliges,
1111 2399 1148 2443 si
1187 2400 1342 2443 vertis:
1403 2399 1608 2444 Stehlend
1648 2400 1741 2443 also

202 2480 345 2534 (utin
375 2481 527 2537 aprico
557 2483 641 2530 est)
671 2480 771 2524 hast
800 2481 861 2524 du
904 2480 1019 2524 ‘mich
1047 2481 1284 2536 yetduscht.
1348 2481 1418 2524 De
1450 2482 1529 2530 Av,
1560 2480 1648 2523 416
1679 2481 1742 2523 in-

201 2560 269 2606 fra
297 2559 484 2605 dicetur.
548 2560 879 2617 Adjectivorum
911 2562 978 2606 vis
1009 2576 1109 2604 raro
1148 2561 1266 2619 apud
1297 2561 1635 2619 Aristophanem
1669 2576 1742 2606 vo-

201 2641 297 2687 cula
328 2639 384 2697 δή
415 2649 624 2698 augetur,
656 2657 799 2700 nequ-e
831 2648 938 2701 puto
970 2648 1148 2701 praeter
1179 2642 1342 2687 formas
1374 2642 1587 2701 quasdam
1620 2643 1743 2686 vocis

200 2738 311 2780 quae
347 2727 411 2764 est
440 2720 590 2776 πολύς,
622 2723 745 2779 cujus
777 2723 981 2782 exempla
1011 2723 1136 2779 infra,
1168 2723 1286 2767 locos
1316 2724 1517 2766 inveniri.
1557 2725 1742 2781 Legitur

199 2802 376 2861 quidem
410 2801 566 2858 ὁμοίαν
596 2800 654 2858 ’δή
685 2802 860 2865 Thesm.
895 2820 934 2846 v.
968 2804 1069 2868 909,
1108 2820 1396 2870 versusvero
1428 2821 1514 2850 non
1547 2812 1611 2849 est
1643 2804 1742 2848 Ari-
