1920 3109
923 54 981 99 32

176 160 400 217 secutione
431 174 478 216 in
504 174 708 218 'oratione
739 162 908 221 tantum
940 178 1120 232 agatur,
1150 187 1307 232 neque.
1321 179 1414 222 tam
1440 175 1557 220 inest
1586 192 1720 237 oppo—

179 254 279 298 sitio
310 254 355 297 in
385 268 495 298 voce
535 253 587 296 δέ
630 258 729 313 post
769 253 942 306 ἔπειτα,
987 269 1117 313 quam
1157 255 1367 302 transitus
1402 257 1522 302 notio
1552 257 1619 303 ad
1668 274 1722 302 ea

177 348 290 391 quae
322 340 576 393 sequuntur.
608 335 795 378 Prorsus
824 333 944 378 idem
976 334 1112 378 habes
1150 334 1198 379 in
1239 335 1469 381 simillimis
1499 337 1584 382 Av.
1621 338 1716 390 157.

180 415 267 459 612
300 415 377 460 ubi
408 415 558 460 verbis
587 416 762 471 πρῶτον
789 417 873 472 μέν
903 416 1141 475 respondet
1169 422 1258 466 τοῖς
1276 413 1379 460 δἀὖ
1407 433 1449 461 v.
1465 418 1576 469 616;
1608 420 1718 464 Ran.

181 496 311 539 1528.
370 495 468 539 Non
501 495 795 554 respondente
825 495 1024 540 membro
1053 495 1201 554 aliquo
1232 497 1406 553 πρῶτον
1445 496 1606 556 legitur
1634 500 1717 545 Av.

178 575 280 619 483.
314 575 417 619 642.
447 576 558 618 Ran.
592 577 721 620 1120.
758 576 883 619 1124.
922 576 1047 619 1422.
1084 576 1210 619 1455.
1242 576 1615 636 Eccl.66,·atque
1643 579 1718 623 ad·

181 654 274 699 dita
303 656 386 709 μέν
416 655 635 714 particula
664 656 975 714 praeparativa
1002 656 1114 699 Ach.
1129 656 1214 700 637
1246 656 1332 714 Eq.
1348 657 1449 701 773.
1480 658 1598 703 Nub.
1616 660 1716 703 224.

174 734 278 778 537.
311 734 411 778 649.
449 735 575 779 1016.
606 735 692 779 Av.
727 736 826 779 164.
870 735 992 779 Eccl.
1027 735 1113 780 215
1150 735 1340 795 denique
1368 739 1607 795 πρῶτιστσν
1633 740 1717 794 μέν

176 814 282 873 Lys.
315 815 417 859 555.
458 815 635 860 Thesm.
678 816 779 859 659.
840 817 1046 875 Denique
1088 822 1191 861 nota
1220 817 1322 874 Lys.
1363 818 1450 861 998
1498 818 1576 865 ubi
1617 820 1717 862 voci

175 895 327 938 ἔπειτα
371 895 603 954 praecedit
649 911 739 940 vox
785 893 920 950 ἆρχεν
977 911 1091 954 quae
1139 897 1312 941 vicibus
1352 897 1550 955 fungitur
1596 900 1718 943 vocis

177 977 367 1030 πρῶτον,
401 972 502 1032 quo>
518 981 714 1018 ceterum
745 974 842 1018 loco
874 975 992 1033 quod
1021 974 1252 1033 legebatur
1282 976 1365 1030 μέν
1394 982 1514 1021 recte
1544 977 1600 1022 ab
1631 978 1720 1022 En—

149 1076 153 1078 ·
176 1070 286 1113 gero
319 1054 512 1099 deletum
542 1070 635 1098 esse
668 1070 721 1099 ea
753 1054 1062 1111 demonstrant,
1094 1070 1207 1113 quae
1240 1055 1296 1104 de
1314 1056 1510 1107 ,vocibus
1540 1060 1715 1115 πρῶτον

177 1137 263 1190 μέν
305 1140 515 1193 sequente
561 1133 710 1177 ἔπειτα
731 1175 741 1186 ,
756 1133 1091 1192 disputavimus.
1152 1133 1300 1193 Atque
1349 1135 1458 1180 haec
1498 1136 1591 1180 fere
1620 1145 1721 1183 sunt

176 1231 290 1274 quae
322 1215 378 1258 de
408 1214 604 1273 simplici
628 1215 912 1273 responsione
956 1214 1269 1272 particularem
1312 1218 1394 1270 μὲν
1433 1242 1491 1249 -
1528 1216 1580 1259 δέ
1617 1234 1716 1276 pro-

176 1294 363 1338 ferenda
394 1299 533 1350 erant,
578 1294 663 1336 nisi
694 1293 814 1351 quod
843 1293 1027 1337 fortasse
1057 1278 1312 1342 addendum
1356 1296 1594 1354 particulas
1634 1301 1717 1354 μὲν

182 1401 229 1407 -
265 1373 372 1417 οὐδέ
401 1389 489 1419 uno
521 1373 609 1418 Av.
642 1374 756 1419 1039
794 1373 902 1431 legi;
947 1380 1135 1418 restaret
1163 1374 1303 1420 verba
1341 1375 1488 1420 facere
1521 1377 1577 1421 de
1606 1378 1715 1423 locis

176 1457 254 1501 ubi
284 1455 414 1514 plura
443 1454 644 1498 membra
673 1453 878 1511 leguntur
920 1454 1079 1511 quibus
1109 1461 1324 1513 apparent
1352 1457 1602 1514 particulae.
1632 1461 1716 1515 μέν

177 1542 223 1580 et
253 1534 318 1579 δέ.
379 1534 471 1579 Sed
500 1534 610 1578 haec
644 1533 809 1578 dixisse
838 1549 957 1578 nunc
993 1535 1098 1578 satis
1127 1534 1303 1581 habebo
1333 1541 1441 1596 tum,
1458 1538 1577 1595 quod
1606 1538 1715 1583 fines

176 1620 385 1674 angustos
417 1614 736 1662 dissertationis
767 1613 1054 1671 egrederetur
1083 1615 1280 1670 materia,
1300 1630 1447 1673 ‘quum
1477 1618 1582 1675 quia
1602 1618 1714 1663 haec

178 1697 324 1743 omnia
353 1697 500 1755 potius
530 1695 577 1738 in
606 1693 823 1753 particula
852 1693 904 1736 δέ
931 1694 1164 1739 tractanda
1193 1700 1305 1739 sunt.
1508 1725 1533 1738 η.
1571 1716 1620 1760 ·‘.'

294 1777 326 1821 J
327 1791 399 1819 am
430 1775 539 1819 haec
571 1774 729 1829 omnia,
763 1787 876 1832 quae
906 1774 1131 1832 hucusque
1173 1774 1494 1833 disputavimus
1535 1764 1715 1823 ssi-imon-

177 1856 467 1912 sideni-averia,
511 1855 683 1900 etiamsi
727 1853 812 1897 hoc
856 1853 928 1897 vel
967 1853 1077 1898 illud
1124 1854 1376 1914 exemplum
1420 1854 1496 1902 alii
1533 1856 1716 1902 fortasse

179 1938 308 1983 classi
339 1936 493 1980 melius
522 1949 651 1994 posse
682 1934 967 1979 adnumerari
998 1934 1130 1992 dIces‚
1159 1941 1328 1991 tamen,
1373 1936 1458 1992 nisi
1488 1935 1626 1993 fallor,
1654 1938 1718 1980 vi-

180 2018 329 2074 debis,
359 2016 697 2074 Aristophanem
727 2015 946 2073 particula
983 2016 1067 2070 μέν
1110 2016 1326 2073 imprimis
1360 2015 1439 2061 ubi
1459 2037 1463 2041 —
1483 2015 1719 2073 respondet

179 2098 243 2154 δέ,
274 2096 514 2143 admodum
547 2094 738 2154 simplici
767 2096 936 2139 ratione
967 2110 1094 2141 usum
1121 2110 1236 2139 esse.
1283 2094 1408 2150 Quae
1438 2095 1558 2155 apud
1587 2098 1718 2141 comi-

178 2196 280 2226 cum
309 2177 505 2225 notanda
533 2183 634 2221 sunt
673 2191 761 2221 non
805 2177 862 2221 ab
904 2177 1151 2222 artificiosis
1191 2176 1587 2222 constructionibus
1621 2193 1719 2237 pro-

179 2261 460 2320 ficiscuntur,
492 2257 571 2302 sed
602 2257 659 2301 ab
693 2258 791 2316 ipsa
821 2258 979 2302 comici
1012 2258 1225 2302 sermonis
1256 2258 1508 2302 vivacitate.
1541 2257 1654 2312 Huc,
1671 2264 1722 2301 ut

182 2340 399 2399 exemplis
429 2353 542 2399 quae
576 2337 676 2382 dico
708 2337 893 2398 probem
907 2372 919 2396 ,
950 2339 1142 2398 pertinet
1155 2371 1168 2396 ‚
1196 2339 1235 2399 si
1265 2337 1441 2396 quando
1454 2371 1467 2396 ‚
1511 2336 1721 2384 adhibitis

178 2424 227 2467 in
258 2421 432 2465 duobus
462 2419 673 2463 membris
701 2421 784 2472 μὲν
814 2444 871 2451 -
903 2418 976 2475 δέ,
1022 2419 1209 2464 alterum
1249 2409 1495 2462 membrum
1538 2420 1722 2464 interro-

179 2503 369 2561 gationis
400 2501 587 2544 formam
615 2499 772 2555 induit,
803 2499 852 2542 id
884 2498 1004 2557 quod
1034 2498 1107 2542 vel
1144 2498 1338 2544 maxime
1364 2498 1429 2543 ibi
1463 2498 1562 2544 fieri
1598 2499 1720 2556 solet,

179 2583 256 2627 ubi
275 2582 433 2640 aliquis
450 2595 550 2623 cum
582 2580 858 2638 impatientia
887 2594 987 2623 eum
1009 2579 1084 2637 qui
1106 2578 1299 2637 loquitur
1315 2580 1436 2638 justo
1452 2585 1603 2623 tenore
1624 2593 1721 2637 per-

180 2647 287 2722 gere
317 2677 406 2706 non
435 2661 622 2721 patitur,
661 2660 739 2704 sed
776 2661 1122 2718 interrogatione
1152 2659 1401 2718 loquentem
1430 2660 1719 2719 interrumpit.

184 2741 258 2787 Sic
289 2741 476 2786 alterum
507 2741 757 2786 membrum
796 2741 1152 2799 interrogationis
1196 2740 1340 2786 forma
1384 2739 1607 2798 profertur
1632 2740 1718 2801 Eq.
