1920 3109
919 68 989 112 ·1o

186 190 289 233 642.
325 191 450 235 1050.
512 190 596 234 Av.
627 190 728 234 671.
789 190 899 235 Rau.
935 191 1065 236 1412.
1100 191 1227 236 1442.
1286 191 1401 237 Plut.
1431 192 1510 244 58,
1542 208 1727 252 quorum
1814 235 1819 239 .

184 269 382 315 locorum
422 286 510 315 non
556 271 709 330 paucis
748 275 824 314 tuo
860 271 963 330 jure
1007 270 1157 316 dicere
1199 277 1324 332 potes
1352 273 1436 328 μέν
1465 272 1726 332 particulam

183 350 502 407 significatione
532 351 624 394 fere
656 351 868 394 accedere
899 351 957 395 ad
976 352 1236 410 particulam
1255 353 1319 405 γέ.
1377 352 1724 398 eoncedendum

182 444 288 473 sane
318 436 384 474 est
412 430 481 474 his
512 430 621 474 locis
652 430 854 475 omnibus
884 446 1012 490 posse
1049 432 1227 476 tacitam
1269 431 1459 490 aliquam
1490 433 1724 491 oppositio-

181 524 284 553 nem
322 511 476 567 statui,
520 525 601 554 nec
641 525 870 569 possumus
911 525 1075 569 negare
1116 510 1279 556 talibus
1319 511 1447 568 locis,
1486 512 1626 571 qualis
1657 518 1723 557 est

180 589 293 634 Ach.
322 606 364 635 v.
396 591 478 648 59,
518 591 596 636 ubi
633 592 843 651 praeconi
882 591 1046 636 dicenti
1075 590 1268 650 κάθησο,
1308 593 1408 646 σίγα
1438 592 1719 652 Dicaeopolis

180 671 418 731 respondet
446 673 510 726 μὰ
540 671 616 714 τὸν
631 670 835 714 Ἀπόλλω
868 672 942 725 'rai
972 674 1053 727 μὲν
1085 672 1140 714 οὔ
1169 672 1299 716 facile
1328 687 1455 731 posse
1487 672 1607 731 apud
1627 675 1719 717 ani—

179 766 300 795 mum
330 752 526 811 suppleri
566 756 740 814 „taceat
770 753 915 807 quivis
945 753 1063 796 alius
1094 777 1151 784 —
1181 766 1269 796 non
1299 756 1430 809 eyo‘⁴,
1473 751 1553 795 sed
1584 767 1719 811 quum

179 846 238 874 ex
258 832 466 888 Homero,
498 832 725 876 Herodoto
748 838 881 891 atque
903 833 1036 876 etiam
1058 848 1117 876 ex
1133 834 1277 877 atticis
1307 832 1717 891 scriptoribusvim

177 912 420 970 particulae
440 913 523 968 μέν
542 912 848 957 affirmativam
869 913 973 956 satis
993 918 1262 971 compertam
1283 911 1533 969 habeamus,
1564 911 1717 971 quidni

178 993 312 1036 etiam
352 991 421 1036 his
459 992 567 1037 locis
609 992 807 1036 dicamus
845 993 928 1048 μέν
956 989 1329 1037 ιηιὶοσὶιιεθτνίτθ
1359 991 1587 1050 augendae
1616 992 1718 1035 voci

175 1072 260 1124 ἐγώ
292 1078 341 1116 ut
368 1072 454 1126 ἐγώ
483 1073 566 1128 μέν
594 1074 651 1116 sit
670 1073 931 1117 Latinorum
963 1073 1224 1129 „equidem“.
1281 1072 1466 1126 Prorsus
1495 1071 1614 1116 idem
1646 1086 1715 1116 ca-

179 1152 245 1195 dit
274 1153 322 1195 in'
351 1153 458 1209 Lys.
488 1168 529 1195 v.
564 1153 670 1208 631,
710 1153 788 1196 ubi
819 1153 1049 1209 genetivus
1079 1153 1208 1211 hujus
1237 1153 1508 1211 pronominis
1543 1152 1715 1209 legitur,

331 1230 432 1273 ἄλλ’
462 1231 570 1287 ἐμοῦ
597 1233 687 1286 μὲν·
709 1231 763 1274 οὐ
792 1233 1125 1288 τυραννέυσουσ’
1157 1232 1252 1275 ἐπεὶ
1282 1231 1562 1289 φυλάξομαι,

174 1314 309 1371 inque
330 1312 447 1356 Nub.
474 1328 514 1355 v.
539 1312 667 1357 1337.
726 1311 813 1355 Av.
847 1312 973 1356 1603.
1031 1311 1154 1355 ΕοοΙ.
1181 1312 1267 1356 155
1297 1312 1375 1356 ubi
1406 1312 1610 1369 leguntur
1639 1327 1711 1356 vo-

173 1407 246 1435 ces
288 1391 387 1447 ἒμοὶ
425 1393 528 1448 μέν,
576 1391 766 1449 denique
809 1392 856 1434 in
885 1390 1003 1436 Nub.
1023 1412 1027 1415 ·
1045 1406 1088 1434 v.
1120 1392 1178 1434 29
1221 1406 1352 1449 quem
1392 1406 1569 1435 versum
1610 1406 1710 1435 cum

174 1471 391 1515 Teuffelio
423 1472 469 1513 in
500 1486 552 1514 eo
581 1485 765 1514 numero
795 1469 1049 1513 habendum
1080 1485 1258 1525 censeo,
1289 1471 1335 1512 in
1365 1470 1523 1527 quibus
1551 1470 1711 1530 legitur

169 1551 254 1604 μέν
282 1549 537 1606 solitarium,
569 1564 834 1608 quamquam
865 1564 954 1593 non
983 1550 1088 1592 satis
1117 1558 1237 1592 recte
1269 1548 1324 1592 de
1354 1548 1437 1593 hoc
1467 1549 1564 1593 loco
1591 1549 1711 1594 vide-

170 1636 243 1673 tur
284 1631 485 1674 statuisse
535 1631 606 1673 vir
655 1630 728 1673 ille
771 1629 946 1683 doctus,
999 1644 1134 1686 quum
1173 1628 1384 1672 lectorem
1432 1628 1599 1686 releget
1648 1629 1707 1673 ad

169 1710 367 1768 Kriigeri
391 1711 469 1754 Gr.
487 1707 533 1769 ξ.
560 1711 630 1755 69.
655 1710 726 1753 35.
750 1711 777 1753 2
798 1709 877 1753 ubi
909 1709 1062 1752 doctus
1092 1709 1404 1765 grammaticus
1435 1709 1574 1753 verba
1603 1709 1709 1754 facit

171 1789 226 1832 de
243 1792 533 1847 oppositione
563 1790 685 1848 apud
715 1791 910 1833 animum
941 1788 1198 1846 supplenda.
1260 1789 1360 1831 Hoc
1382 1790 1498 1854 enim
1518 1789 1616 1833 loco
1636 1791 1707 1833 vel

167 1870 364 1913 maxime
404 1869 564 1913 durum
606 1884 701 1913 esse
741 1860 869 1928 puto'
893 1868 1211 1928 oppositionem
1252 1867 1487 1925 cogitando
1527 1868 1707 1926 addere,

166 1951 358 2008 itemque
400 1951 532 1993 etiam
573 1951 741 2008 majora
781 1950 1019 1992 facesseret
1058 1949 1233 2006 negotia
1264 1948 1380 1991 Nub.
1410 1964 1451 1991 v.
1484 1949 1593 2005 794,
1628 1949 1706 1994 ubi

167 2028 446 2089 Strepsiades
478 2030 627 2075 verbis
657 2046 811 2075 versus
842 2031 954 2073 793:

417 2108 518 2151 ἀλλ’
549 2108 585 2152 ὦ
614 2109 799 2167 νεφέλαι
828 2108 1012 2167 χρηστόν
1041 2124 1079 2151 τι
1110 2107 1460 2164 συμβουλεύσατε

165 2188 305 2232 nubes
336 2190 523 2233 consulit
554 2190 661 2248 quid
689 2192 746 2234 sit
762 2190 1028 2233 faciendum.
1091 2190 1331 2245 Quaenam,
1363 2204 1443 2247 per
1472 2189 1592 2246 deOS,
1622 2190 1705 2235 hoc

165 2266 262 2312 loco
293 2283 383 2312 vox
413 2268 574 2327 legitur
604 2269 723 2314 unde
752 2269 1008 2328 suppleatur
1039 2268 1267 2326 oppositio.
1327 2267 1475 2326 Atque
1494 2283 1624 2326 quem
1643 2269 1705 2312 ita

164 2347 210 2389 in
241 2348 412 2405 primae
442 2363 655 2406 personae
687 2349 945 2405 pronomine
976 2346 1387 2405 comprehendimus
1418 2362 1556 2403 usum,
1586 2348 1705 2405 idem

164 2428 295 2470 etiam
343 2429 390 2470 in
434 2428 655 2471 secundae
695 2428 815 2487 apud
846 2426 1187 2486 Aristophanem
1224 2427 1469 2478 invenitur3
1526 2443 1705 2486 prorsus

164 2507 284 2549 enim
316 2507 474 2551 eodem
504 2507 636 2551 modo
677 2514 726 2551 ut
754 2507 840 2561 ἐγώ
871 2508 955 2561 μέν
984 2508 1116 2549 etiam
1148 2506 1199 2547 σύ
1228 2506 1311 2560 μέν
1342 2512 1385 2549 et
1413 2508 1461 2548 σὲ
1489 2508 1572 2561 μέν
1600 2507 1705 2563 legi-

164 2591 236 2629 tur
266 2585 377 2632 Ach.
405 2587 501 2630 109.
563 2587 741 2631 Av.12.
805 2587 928 2637 Eccl.
962 2586 1059 2630 144.
1119 2585 1235 2629 Plut.
1268 2585 1367 2629 369.
1399 2586 1488 2630 874
1517 2601 1703 2644 quorum

161 2665 357 2709 locorum
400 2667 616 2725 imprimis
646 2667 760 2710 Plut.
794 2683 836 2710 v.
869 2667 957 2711 369
1000 2666 1129 2710 docet
1172 2665 1227 2709 de
1258 2664 1504 2724 supplenda
1534 2666 1706 2724 opposi-

159 2746 279 2790 tione
311 2747 389 2789 vix
419 2761 472 2790 ac
505 2762 560 2792 ne
591 2748 668 2791 vix
689 2747 869 2806 quidem
892 2763 986 2792 esse
1008 2746 1315 2805 cogitandum3
1346 2761 1459 2805 quae
1482 2761 1552 2791 res
1573 2760 1704 2791 causa
