1920 3109
0 0 176 284 Γ

68 2843 143 2872 «δ’

913 108 972 153 59

183 220 264 294 per
294 233 531 278 relativum.
556 247 664 277 voce
695 231 751 291 δή
780 238 955 278 auctum
986 232 1154 278 indicat
1171 239 1336 291 auctor,
1368 233 1574 278 acerbam
1601 233 1718 278 illam

183 331 338 361 vocem
368 314 597 359 Melanthii
626 314 843 361 omnibus.
860 315 1113 373 innotuisse,
1143 316 1206 360 ita
1235 321 1284 360 ut
1312 331 1391 360 nos
1421 320 1594 360 vertere
1624 315 1720 374 Pos-

184 397 342 441 simus:
386 386 501 451 „der
514 397 569 453 ja
597 397 677 441 mit
703 396 857 457 herber
886 396 1069 441 Stimme
1100 397 1187 440 mir
1224 397 1485 442 ‚euschreitf‘
1546 397 1716 441 Eodem

185 477 315 541 modo
345 477 450 536 Lys.
486 479 598 523 1302
630 478 696 520 τοί
726 476 784 533 δή
814 476 1043 534 significat,
1075 492 1427 536 unumquemque
1446 479 1596 539 scire,
1637 478 1718 520 fra-

184 557 499 622 tres·Helenae
531 558 576 601 in
621 558 729 617 ripis
767 557 962 602 Eurotae
1005 558 1189 615 saltare,
1226 573 1366 618 quum
1402 558 1511 603 Ran.
1555 574 1598 603 v.
1631 556 1718 602 679

184 640 257 696 ἐφ’
289 636 343 683 οὗ
373 641 428 698 δή
458 639 637 693 indicet,
671 640 873 696 omnibus
903 641 978 699 qui
1012 640 1326 700 Cleophontem
1350 646 1579 697 noverunt,
1609 638 1723 684 bene

184 727 336 766 notum
365 737 472 779 esse,
502 722 618 765 hunc
638 721 940 780 demagogum,
971 736 1029 765 ex
1050 721 1244 765 Thracia
1258 727 1388 780 gente
1405 726 1561 779 ortum,
1591 722 1723 766 attice

186 804 306 864 loqui
333 819 420 849 non
450 805 654 864 potuisse.

304 919 553 965 Relativum
599 918 713 970 ὅστις
754 919 823 976 (de
865 934 950 979 quo
996 919 1052 962 cf.
1085 919 1339 977 Kriigerum
1384 918 1420 961 I.
1466 918 1538 961 51.
1574 919 1643 964 15.
1681 918 1746 974 1)‘

188 1016 287 1045 cum
332 999 549 1060 particula
589 999 643 1057 δή
685 1015 771 1046 non
809 997 970 1058 legitur
1006 999 1128 1060 apud
1166 999 1530 1059 Aristophanem,
1576 1006 1728 1044 contra

188 1080 298 1125 Ach.
329 1096 369 1123 v.
405 1082 425 1123 l
458 1080 618 1138 legitur
650 1080 734 1123 ὅσα
765 1080 819 1137 δή
851 1081 908 1123 ad
940 1094 1075 1140 quem
1106 1080 1251 1124 locum
1282 1086 1403 1123 recte
1434 1080 1576 1124 schol:
1620 1079 1647 1122 o’
1677 1080 1727 1122 δὲ

189 1160 244 1216 δή
274 1159 822 1217 συμπαραπληρωματικὸς
867 1159 1055 1217 οἷύξησιν
1097 1159 1236 1217 δηλοῖ,
1269 1160 1549 1217 Thucydidis
1580 1161 1727 1206 locum

189 1239 317 1286 simul
347 1239 420 1285 ille
451 1240 636 1286 afferens
678 1239 732 1300 (Ι.
766 1241 832 1300 1),
874 1257 960 1302 quo
1007 1257 1106 1287 cum
1144 1241 1240 1287 loco
1281 1242 1613 1301 conjungendus
1665 1250 1729 1289 est

190 1322 300 1366 Ach.
334 1338 374 1365 v.
406 1322 492 1367 758
525 1323 593 1379 (cf.
615 1323 832 1382 Hartung,
862 1323 889 1366 l.
920 1338 957 1365 c.
989 1338 1030 1381 p.
1062 1323 1164 1379 274)
1195 1322 1273 1367 ubi
1296 1305 1569 1381 Megarensis
1599 1326 1729 1368 inter·

192 1408 392 1462 rogatus:

484 1506 524 1562 τί
554 1504 707 1548 &duo
738 1505 953 1561 πράττεθ’
983 1504 1027 1547 οἳ
1057 1508 1283 1562 Μεγαρεῖς
1327 1507 1429 1561 νῦνς

192 1608 431 1668 respondet
460 1606 532 1650 οἷα
562 1605 618 1664 δή
631 1641 643 1664 ,
687 1623 816 1666 quem
847 1609 1111 1667 scripturam
1143 1615 1396 1668 corruptam
1444 1624 1538 1653 esse
1584 1616 1733 1654 censet

152 1747 155 1751 .
194 1687 452 1748 ElmsleJus,
481 1689 575 1748 ipse
601 1689 798 1747 nescius,
840 1688 948 1748 quid
978 1689 1034 1733 sit
1063 1688 1404 1748 restituendum,
1446 1689 1614 1736 addens
1659 1689 1733 1735 οἷα

195 1768 250 1827 δή
296 1769 480 1813 fortasse
523 1771 835 1825 θαυμαστικῶς
874 1769 1179 1830 accipiendum
1227 1786 1334 1815 esse.
1410 1771 1465 1815 A.
1496 1772 1735 1818 Muellerus

195 1850 418 1909 explicare
456 1851 623 1896 studuit
664 1865 746 1910 per
777 1851 1006 1895 Gallorum
1037 1852 1081 1895 la
1109 1851 1155 1896 la
1168 1885 1181 1907 ,
1227 1852 1434 1911 supplens
1472 1852 1733 1911 πράττομεν,

193 1930 300 1974 mihi
329 1931 474 1990 potius
502 1931 560 1975 ad
592 1930 838 1988 analogiam
877 1931 1055 1975 videtur
1085 1931 1404 1976 conformatum
1437 1947 1531 1976 esse
1577 1932 1733 1978 dictio·

195 2016 262 2058 nis
292 2013 406 2063 ὅστις
434 2012 489 2071 δή
560 2012 623 2057 Ut
652 2014 767 2057 enim
799 2011 914 2063 ὅστις
944 2012 998 2069 δή
1034 2019 1100 2056 est
1129 2013 1337 2069 „welcher
1375 2014 1529 2071 ehem,
1565 2016 1629 2058 sic
1660 2014 1734 2058 οἷα

196 2095 253 2153 δή
283 2100 349 2140 est
377 2096 497 2150 „wa‘s
526 2095 675 2149 eben“,
722 2109 960 2153 sensusque
1004 2093 1088 2138 loci
1136 2100 1258 2153 patet
1300 2109 1414 2152 esse,
1455 2096 1646 2140 vivimus
1684 2103 1734 2142 ut

197 2192 278 2238 pro
309 2183 458 2221 nostra
488 2175 750 2230 conditione
786 2175 926 2235 qualis
958 2181 1034 2233 est,
1066 2176 1216 2219 vivere
1232 2191 1473 2235 possumus,
1504 2183 1635 2237 atque
1657 2193 1735 2222 nu·

196 2260 292 2318 gari
323 2257 498 2302 videt-ur
528 2257 769 2314 scholiasta,
801 2256 1026 2316 explicans
1057 2255 1128 2300 ora
1161 2256 1217 2315 δή
1250 2256 1347 2300 α’ντὶ
1360 2259 1436 2301 τοῦ
1453 2260 1632 2302 τοιαῦτα
1665 2258 1733 2316 δή.

197 2342 296 2386 Hac
326 2355 431 2385 vero
461 2339 680 2383 locutione
710 2338 846 2384 multo
877 2344 943 2384 est
966 2340 1165 2385 usitatior
1199 2339 1333 2385 dictio
1365 2338 1434 2383 ὅτε
1461 2339 1518 2398 δή
1550 2341 1734 2399 (Bauml.

199 2440 243 2484 p.
279 2422 362 2466 106
403 2423 620 2480 Hartung.
655 2422 691 2466 I.
734 2421 835 2466 257.
874 2421 1180 2479 Hoogeveenii
1210 2421 1363 2466 Doctr.
1406 2428 1519 2481 part.
1551 2438 1593 2482 p.
1638 2422 1735 2480 143)

197 2496 362 2564 inqua
392 2503 449 2561 δή
480 2504 697 2563 particula
726 2497 898 2547 relativi
930 2503 1049 2562 quod
1068 2509 1134 2547 est
1163 2502 1232 2546 ὅτε
1251 2506 1342 2547 vim
1372 2506 1435 2548 ita
1468 2504 1736 2561 corroborat,

201 2592 251 2630 ut
280 2586 499 2644 exprimat
529 2584 758 2628 manifesto
790 2590 833 2628 et
863 2585 956 2628 sine
990 2583 1125 2628 dubio
1156 2583 1265 2628 illud
1293 2590 1465 2644 tempus
1487 2585 1739 2642 significari,

200 2667 317 2729 quod
348 2682 428 2727 per
456 2665 715 2726 particulam
744 2665 1030 2726 temporalem
1060 2664 1294 2723 indicatur,
1323 2672 1441 2710 certo
1457 2666 1595 2710 limite
1610 2668 1739 2712 simul

197 2755 370 2811 tempus
402 2747 509 2794 illud
555 2747 812 2805 terminans,
857 2748 983 2807 cujus
1023 2747 1088 2791 rei
1128 2745 1348 2793 luculenta
1387 2752 1489 2793 sunt
1533 2748 1738 2810 exempla

192 2829 310 2875 Ach.
343 2833 411 2891 10.
446 2830 512 2875 16.
572 2828 758 2874 Prorsus
788 2829 943 2873 eodem
975 2827 1106 2874 modo
1145 2828 1256 2873 Ach.
1288 2828 1389 2873 535.
1423 2828 1493 2873 ὅτε
1524 2829 1581 2889 δή
1611 2845 1738 2875 accu-
