1920 3109
935 94 995 139 66
1039 113 1042 117 ,

196 236 291 265 esse
319 234 401 279 per
430 216 723 263 anacoluthon
756 216 993 275 quoddam,
1023 218 1097 273 ita,
1119 224 1175 262 -ut
1204 233 1321 275 aves,
1352 219 1634 278 vehementer
1651 221 1739 266 ira·

194 307 280 357 tae,
310 315 445 359 quum
475 299 624 344 dicere
656 297 841 347 vellent:

529 380 568 422 ό
597 379 710 436 φής,·
739 376 916 432 λέγόυσι
945 377 999 436 δὴ
1031 378 1202 429 δεινοὺς
1231 378 1409 434 λόγους,
1468 401 1473 417 .-
1681 439 1683 442 Ι

195 460 264 508 vel
312 460 399 505 tale
442 459 564 520 quid,
609 465 793 516 repente
845 460 1169 518 constructione
1218 467 1409 518 mutata,
1451 467 1593 520 quum.
1615 463 1740 521 ipsae

196 543 342 587 animo
373 557 533 601 capere
563 556 651 586 non
680 547 860 600 possent
906 541 1126 585 homines.
1150 556 1265 587 cum,
1301 542 1409 602 ipsis
1449 541 1562 587 velle
1601 543 1739 589 vitam

197 623 386 681 degere,
426 624 752 681 interrogarent
781 624 901 673 τίνας
932 622 1114 677 Myous-3
1165 624 1228 667 ita
1259 632 1308 668 ut
1350 626 1407 670 sit
1435 624 1552 669 fere:
1596 625 1739 680 mani·

189 706 303 760 festo
334 704 487 748 dicunt
506 703 652 759 quid?
681 717 794 762 quae
820 703 955 747 dictio
972 704 1109 763 possit
1124 704 1373 764 comparari
1402 719 1503 750 cum
1518 704 1738 753 locutione

192 784 284 843 ὁτιὴ
314 788 354 829 τί
383 784 470 843 δαίς
500 797 613 844 quae
642 791 710 829 est
737 786 1002 841 ,auia-quid
1014 787 1066 829 .9“
1125 786 1225 830 Hoc
1250 786 1543 832 anacoluthon
1571 787 1737 845 optime

194 866 385 925 quadrat
425 866 484 910 ad
514 866 649 911 totius
677 864 765 909 loci
809 864 1014 909 indolem.
1073 866 1205 911 Ratio
1235 866 1335 912 loci,
1350 866 1524 912 insolita
1553 866 1737 911 fortasse

194 963 327 992 causa
357 948 439 990 fuit
465 946 733 1002 Hermanno,
763 952 813 990 ut
846 973 897 978 -
935 948 1018 990 nisi
1050 946 1179 992 fallor
1210 963 1336 992 usum
1376 947 1643 1006 platonicum
1672 961 1737 991 se-

196 1034 349 1082 cutus,
377 1042 510 1086 quem
542 1028 752 1086 exposuit.
788 1026 971 1070 Heindf.
1012 1027 1070 1071 ad
1100 1027 1270 1072 Phaed.
1316 1043 1357 1086 p.
1393 1027 1472 1072 107
1506 1027 1561 1071 D.
1593 1051 1653 1060 --
1683 1024 1738 1084 δὴ

193 1121 314 1157 τινας
344 1107 571 1164 scriberet,
602 1108 719 1166 quod
752 1123 810 1150 ex
841 1107 1018 1165 schedis
1048 1108 1142 1166 ejus
1173 1107 1351 1151 ineditis
1368 1106 1617 1152 Meinekius
1645 1107 1736 1152 edi·

195 1189 281 1243 dit,
327 1204 414 1246 qua
444 1194 698 1234 correctura
728 1187 915 1246 probata
956 1189 1169 1242 enuntiati
1199 1190 1267 1231 vis
1298 1188 1478 1231 caderet
1508 1189 1554 1231 in
1576 1203 1737 1232 :vocem

193 1266 365 1322 λέγουσι
396 1268 615 1328 particula
644 1267 698 1325 δή
730 1268 1073 1313 corroboratam.
1134 1267 1223 1312 Sed
1252 1267 1354 1313 huic
1387 1269 1738 1328 conjecturaeet

193 1351 304 1396 Rav.
336 1349 493 1405 obstat,
524 1355 567 1392 et
580 1363 732 1392 versus
763 1363 939 1407 upupae
971 1349 1045 1406 qui
1069 1354 1329 1407 sequuntur,
1360 1364 1385 1391 e
1416 1347 1575 1408 quibus
1605 1363 1738 1409 appa—

194 1438 262 1475 ret
304 1446 409 1475 aves
448 1429 503 1473 de
546 1435 704 1474 natura
750 1428 987 1473 verborum
1037 1429 1328 1487 quaesivisse,
1374 1445 1485 1488 quae
1531 1436 1575 1473 et
1612 1431 1736 1490 ipsae

193 1513 461 1557 audiverunt
490 1510 683 1568 quidem,
713 1524 857 1567 neque
889 1525 996 1553 vero
1028 1509 1351 1553 intellexerunt.
1399 1510 1603 1553 Ceterum
1633 1526 1738 1555 usus

195 1592 267 1635 ille
297 1607 429 1650 quem
459 1590 657 1635 Platonis
698 1603 791 1637 esse
825 1589 943 1643 dixi,
987 1590 1119 1633 etiam
1159 1605 1248 1633 uno
1288 1589 1385 1638 loco
1422 1590 1542 1649 apud
1572 1578 1738 1638 Aristo?

194 1672 384 1731 phanem
416 1670 578 1729 legitur
607 1670 693 1714 Av.
714 1670 816 1726 652,
848 1685 935 1728 quo
966 1685 1100 1714 versu
1128 1670 1241 1715 duce
1258 1672 1424 1729 optime
1454 1671 1739 1730 intelligimus

196 1755 286 1795 vim
318 1754 440 1795 vocis
469 1751 706 1795 inclinatae
737 1752 800 1801 τίς
831 1751 1126 1809 praecedente
1158 1752 1377 1809 particula
1406 1750 1480 1808 δή.

315 1833 463 1891 Atque
494 1832 604 1876 haec
634 1831 876 1876 hactenusl·
1340 1879 1347 1882 ‚

313 1914 417 1958 Jam
445 1913 674 1957 videamus
705 1912 761 1956 de
791 1912 1009 1971 particula
1039 1911 1094 1969 δή
1124 1927 1224 1957 cum
1255 1912 1353 1957 aliis
1381 1913 1609 1973 particulis
1626 1929 1738 1961 con—

183 1997 370 2054 juncta,
414 2000 546 2051 atque
578 1994 766 2051 primum
801 1992 857 2036 de
889 2008 967 2048 ea,
999 2008 1112 2050 quae
1142 1993 1495 2050 frequentissima
1534 2000 1599 2038 est
1638 2008 1739 2039 con-

189 2075 431 2135 junctione,
463 2089 575 2132 quae
607 2078 673 2117 est
702 2074 776 2115 καὶ
795 2071 849 2129 δή
885 2072 951 2127 (cf.
982 2072 1154 2117 Bauml.
1182 2072 1370 2132 Par-tp.
1390 2074 1739 2134 102.·Hartung.

196 2157 317 2200 Part.
350 2155 385 2198 Ι.
416 2154 517 2197 253.
548 2153 679 2197 Klotz
724 2153 783 2196 ad
814 2153 969 2196 Devar
985 2152 1045 2195 ΙΙ.
1078 2152 1178 2195 646.
1208 2153 1409 2210 Hoogov.
1424 2153 1543 2197 Part.
1560 2170 1603 2212 p.
1623 2155 1740 2212 298).

189 2237 297 2281 ,Hac
328 2236 374 2279 in
404 2233 719 2293 particularum
754 2233 1061 2294 conjunctione
1093 2238 1277 2291 utraque
1308 2248 1434 2280 suam
1469 2235 1627 2281 retinet
1654 2236 1742 2293 sig-

187 2316 516 2369 nificationem,
558 2328 701 2372 neque
734 2319 782 2357 ut
822 2313 930 2356 dicit
961 2313 1303 2370 Hoogeveenius
1338 2312 1415 2359 illa
1449 2313 1499 2358 fit
1536 2314 1742 2369 συμπλεκ-

196 2395 290 2454 τική
320 2395 431 2440 haec
460 2393 637 2452 χρονική
680 2400 729 2439 ut
759 2393 1007 2452 significent
1037 2399 1109 2449 „et
1129 2395 1279 2450 jam“‚
1311 2394 1408 2439 >sed
1448 2395 1628 2454 proprie
1666 2396 1744 2438 καί

199 2476 496 2536 conjunctioni
534 2475 739 2531 inservit,
781 2473 836 2531 δή
865 2480 1013 2519 autem
1045 2480 1093 2519 ut
1134 2474 1364 2525 statuimus
1394 2479 1460 2519 est
1497 2474 1741 2532 manifeste,

199 2561 293 2603 sine
323 2557 634 2614 ambiuntque
666 2571 724 2602 ex
756 2555 838 2600 hac
869 2555 1187 2612 significatione
1218 2554 1444 2614 quomodo¹
1457 2556 1649 2615 potuerit
1667 2555 1743 2601 illa

202 2639 330 2695 oriri,
361 2652 494 2696 quam
527 2642 681 2695 postea
711 2637 803 2680 fere
834 2651 985 2680 omnes
1016 2637 1241 2694 propriam
1275 2635 1485 2681 dixerunt
1516 2641 1586 2689 „et
1611 2638 1741 2691 ,ιάηῶι

201 2718 278 2775 (cf.
311 2717 463 2760 Herm.
495 2715 554 2760 ad
586 2715 739 2774 Viger.
770 2731 810 2775 p.
843 2716 950 2772 827)
982 2715 1110 2759 facile
1139 2714 1398 2774 intelligitur
1428 2731 1486 2760 ex
1516 2716 1624 2760 locis
1641 2730 1744 2775 qua-

199 2799 263 2845 les
293 2802 395 2843 sunt
423 2797 533 2841 Ran.
568 2795 695 2841 1205.
726 2795 830 2855 Lys.
863 2796 973 2842 925:
