1920 3109
848 115 1050 165 ''63.

188 247 286 293 loco
317 244 560 306 particulae
591 243 647 302 δή
678 269 731 278 -
775 243 859 303 ἤδη
898 259 985 289 uno
1031 243 1255 288 enuntiato
1298 241 1640 302 comprehensae
1670 240 1728 285 le-

186 334 348 388 guntur
388 326 464 380 (cf.
495 327 646 371 Herm.
676 326 736 371 ad
767 326 916 385 Viger.
948 325 1051 381 826)
1090 325 1138 369 id
1170 324 1287 385 quod
1318 324 1440 384 apud
1469 322 1726 382 Aristopha-

185 401 287 455 nem
314 409 397 454 hoc
427 416 595 454 tantum
624 409 719 454 loco
750 409 932 467 legitur,
965 414 1009 452 et
1038 409 1144 467 Lys.
1175 408 1284 463 523,
1327 409 1402 466 qui
1435 406 1563 451 simul
1601 405 1724 450 locus

187 491 376 537 ostendit
406 497 525 535 recte
555 506 650 535 rem
679 491 955 550 perspexisse
985 489 1259 545 Muellerum,
1290 490 1366 548 qui
1391 488 1501 531 dicit
1532 486 1590 544 δή
1623 502 1724 530 cum

184 575 332 630 ταῦτα,
362 571 446 631 ἤδη
476 587 576 617 cum
606 571 819 630 ἐμφανῶς
848 570 1206 631 conjungendum
1238 585 1356 626 esse,
1402 584 1541 628 aeque
1589 574 1722 626 atque

170 653 260 714 ,illo
289 653 384 698 loco
415 653 471 711 δή
500 660 549 698 ut
578 653 791 708 vidimus²
822 653 893 697 vel
923 653 1166 697 arctissime
1219 650 1427 695 cohaeret
1473 665 1573 694 cum
1614 663 1723 693 voce

186 733 272 791 ὅτε,
318 734 402 793 ἤδη
430 750 537 780 vero
569 735 625 779 ad
656 719 962 796 imperfectum
1009 731 1232 791 ἤκούομεν
1270 732 1476 791 pertinet.
1537 730 1720 774 Inverso

186 816 340 861 ordine
369 816 454 875 ἤδη
485 815 541 874 δή
585 832 672 861 non
719 816 807 875 legi
839 816 1058 874 Reisigius
1110 813 1425 859 animadvertit
1485 812 1721 871 (Conjectt.

183 897 218 942 Ι.
247 913 289 958 p.
322 899 435 955 232).
493 881 608 941 Plu‘t.
642 897 727 942 227
773 894 898 940 τοῦτο
930 895 986 954 δή
1025 895 1134 940 falso
1176 895 1409 954 legebatur
1448 900 1549 938 ante
1578 893 1721 938 Elms·

183 977 338 1034 leium,
389 979 465 1036 qui
509 978 678 1021 τουτυδί
718 980 908 1023 restituit
961 979 1035 1035 (cf.
1085 977 1326 1035 Quarterly
1366 977 1549 1020 Review
1600 975 1722 1019 XIV.

182 1073 224 1117 p.
259 1057 376 1116 449).

301 1140 441 1185 Porro
472 1139 548 1182 διὰ
578 1141 714 1183 ταῦτα
745 1139 1060 1184 adverbialiter
1092 1138 1257 1183 dictum
1287 1138 1506 1198 particula
1538 1137 1592 1196 δή
1628 1154 1722 1183 cor-

181 1221 415 1266 roboratur
444 1222 561 1266 Nub.
595 1222 682 1267 856
712 1222 790 1265 ubi
826 1228 947 1280 patet
988 1221 1172 1265 voculae
1213 1221 1576 1278 significationem
1622 1237 1716 1265 esse

182 1302 439 1358 „manifesto
470 1302 564 1346 sine
595 1302 775 1358 ἀπωθῇ
821 1301 1063 1360 eademque
1096 1300 1321 1345 adverbiis
1364 1300 1519 1345 addita
1557 1300 1720 1359 legitur

183 1383 294 1430 Ran.
327 1383 427 1426 796.
459 1381 699 1425 κάνταῦθα
730 1380 783 1439 δή
821 1382 899 1426 ubi
916 1385 990 1423 καὶ
1019 1383 1156 1425 nexui
1186 1383 1389 1438 inservit3
1421 1382 1486 1425 ib.
1501 1382 1589 1425 826
1606 1381 1719 1424 ἔνθ-

180 1479 229 1508 εν
259 1463 313 1522 δή
357 1480 442 1524 quo
483 1464 578 1510 loco
627 1465 888 1524 perperam*
909 1462 961 1507 δέ
1003 1478 1102 1508 cum
1142 1463 1382 1508 Mutinensi
1421 1463 1713 1519 Fritzschius;

181 1544 295 1588 πολὺ
327 1544 384 1601 δή
410 1544 496 1590 Av.
526 1545 627 1589 451.
659 1545 777 1596 539;
818 1544 963 1588 πάλαι
995 1543 1050 1602 δή
1083 1544 1169 1589 Av.
1203 1546 1311 1602 921,
1341 1545 1421 1589 ubi
1466 1542 1519 1602 δή
1556 1545 1717 1604 legitur

180 1625 229 1668 in
277 1625 502 1684 anaphora
540 1632 589 1669 ut
638 1625 846 1684 Aeschyl.
894 1627 1048 1684 Agam.
1110 1626 1197 1669 468
1253 1627 1450 1685 reposuit
1489 1625 1719 1670 Rauchen-

180 1706 388 1763 steinius3
418 1705 523 1764 Lys.
555 1705 668 1749 1102
701 1706 847 1755 κακῶς
862 1705 938 1763 δή;
969 1706 1080 1750 Ran.
1102 1706 1217 1750 1056
1237 1708 1361 1749 πάνυ
1379 1705 1447 1764 δὴς
1478 1706 1601 1750 Eccl.
1628 1706 1715 1750 733

180 1783 299 1829 κάτω
331 1784 408 1844 δή;
458 1786 592 1846 Vcsp.
626 1787 742 1830 1265
773 1785 989 1837 πολλάκις
1019 1786 1092 1844 δής
1123 1787 1230 1831 Pac.
1261 1803 1303 1831 v.
1335 1788 1420 1831 901
1453 1791 1529 1830 ἵνα
1555 1786 1613 1845 δή
1643 1788 1716 1843 (cf.

174 1867 312 1912 Kidd.
346 1867 404 1913 ad
434 1867 757 1912 Daw.Miscell.
789 1884 831 1927 p.
853 1868 950 1912 120.
982 1869 1155 1912 HanOV.
1187 1869 1388 1912 exercitt.
1410 1869 1524 1913 critt.
1548 1884 1592 1928 p.
1620 1869 1714 1913 134.

178 1948 373 2006 Kriiger.
402 1949 437 1991 Ι.
470 1945 513 2007 ξ.
546 1948 614 1992 69.
648 1948 841 1992 Ellendt.
872 1949 983 1992 Lex.
1017 1948 1148 2007 Soph.
1182 1965 1224 1992 v.
1257 1951 1374 2005 ἴνα);
1405 1950 1522 1994 Nub.
1556 1965 1598 1992 v.
1628 1950 1716 1993 259

172 2028 262 2071 εἶτα
280 2027 337 2086 δή
368 2030 415 2072 in
444 2030 810 2087 interrogatione,
841 2029 958 2089 quod
1004 2029 1183 2073 dicendi
1223 2044 1360 2087 genus
1391 2029 1508 2073 Nub.
1548 2045 1591 2072 v.
1624 2030 1713 2074 750

172 2116 292 2153 recte
350 2109 513 2153 delevit
552 2110 833 2155 Hermannus
883 2109 975 2152 εἶτα
1016 2108 1067 2151 δέ
1109 2109 1330 2167 scribens5
1374 2108 1493 2153 Pluti
1537 2125 1581 2153 v.
1622 2110 1710 2153 942

171 2189 326 2234 αὐτίκα
357 2190 426 2249 δή.

291 2272 444 2332 Neque
474 2272 547 2316 hic
578 2273 889 2332 praetereundi
918 2280 1020 2319 sunt
1048 2273 1147 2330 loci,
1190 2273 1266 2319 ubi
1299 2289 1539 2334 pronomen
1572 2276 1713 2321 deter-

170 2354 442 2410 minativum,
473 2354 590 2413 quod
623 2356 795 2411 dicitur,
828 2354 960 2406 αὕτός
989 2356 1206 2415 particula
1237 2355 1307 2414 δή.
1325 2364 1522 2415 augetur,
1562 2358 1711 2417 quales

171 2441 270 2490 sunt
298 2436 402 2480 Pac.
434 2435 534 2480 508.
565 2436 668 2495 Lys.
700 2436 786 2480 888
814 2437 892 2481 ubi
924 2444 1092 2481 rectum
1135 2438 1299 2482 vidisse
1330 2438 1556 2497 Bentlejus
1597 2439 1705 2482 mihi

167 2516 364 2572 videtur,
404 2532 534 2575 quem
566 2518 697 2561 etiam
741 2517 876 2577 Vesp.
922 2534 965 2562 v.
1009 2518 1123 2562 1062
1166 2520 1402 2577 genuinam
1442 2521 1705 2578 scripturam

170 2597 409 2641 restituisse
455 2599 529 2665 καξ
569 2598 661 2640 κατ’
704 2595 809 2642 αὐτὸ
842 2598 895 2658 δὴ
936 2598 1078 2656 μόνον
1115 2605 1247 2644 testes
1286 2606 1412 2645 sunto
1450 2599 1535 2644 loci
1572 2615 1706 2658 supra

172 2681 302 2724 allati.
338 2681 508 2724 Eodem
538 2681 668 2725 modo
699 2679 755 2738 δή
774 2698 874 2726 cum
896 2684 1153 2742 pronomine
1172 2683 1390 2741 personali
1411 2684 1704 2741 conjungitur⁷

171 2766 215 2803 et
244 2761 362 2820 apud
392 2761 731 2821 Aristophanem
766 2763 943 2822 quidem
974 2764 1142 2823 primae
1158 2763 1464 2822 secundaeque
1489 2779 1703 2823 personae

164 2842 286 2899 cujus
316 2843 406 2886 vim
437 2844 499 2888 ita
528 2849 660 2902 auget
689 2850 737 2887 ut
767 2850 843 2888 aut
872 2846 940 2889 sui
978 2845 1114 2904 ipsius
1143 2845 1373 2901 fiduciam,
1420 2860 1553 2904 quam
1607 2847 1705 2905 quis
