1920 3109
923 60 976 104 14

180 201 281 232 cum
330 182 516 230 articulo
562 182 855 242 conjunctum.
942 183 1090 244 Atque
1142 190 1192 229 ut
1233 184 1318 230 hoc
1360 186 1505 232 statim
1543 188 1718 243 addam,

181 265 503 311 substantivum
547 262 667 321 apud
708 263 923 307 comicum
964 270 1120 322 quater
1155 266 1384 323 particula·
1409 268 1493 323 μέν
1522 273 1719 327 augetur,

181 346 293 390 Ach.
312 346 410 389 136.
442 344 526 401 Eq.
557 343 659 388 598.
690 343 823 401 Vesp.
841 344 942 389 868.
984 344 1108 387 Eccl.
1134 345 1216 388 171
1251 345 1410 403 quibus
1432 347 1541 391 locis
1555 347 1719 392 addere

178 426 345 485 poteris
363 425 474 469 Rau.
499 423 624 479 1266,
646 422 721 466 ubi
754 429 855 481 post
884 438 1042 468 nomen
1060 425 1290 483 proprium
1319 424 1481 483 legitur
1502 426 1717 486 particula

178 508 223 550 in
254 505 501 563 fragmento
522 502 783 560 Aeschyleo.
844 503 1016 547 Horum
1047 505 1163 547 enim
1184 504 1382 550 locorum
1410 521 1569 551 vereor
1584 521 1641 551 ne
1664 507 1720 551 de

178 600 444 643 unoquoque
490 584 617 628 aliter
670 583 952 627 statuendum
996 584 1065 627 sit.
1103 583 1212 628 Ach.
1243 599 1286 628 v.
1323 585 1419 629 136.
1449 585 1584 644 Vesp.
1617 586 1718 633 868.

176 664 299 708 Eccl.
334 664 415 708 171
463 664 546 720 μέν
583 664 629 706 in
669 664 797 708 initio
839 664 1048 708 orationis
1091 663 1323 723 cujusdam
1360 664 1540 723 legitur,
1578 666 1641 710 ita
1670 672 1720 711 ut

178 750 356 803 praeter
386 744 511 788 Eccl.
553 760 594 787 v.
631 744 710 787 171
744 745 828 799 μέν
857 745 999 802 magis
1027 743 1085 788 ad
1115 750 1254 789 totum
1286 747 1558 789 enuntiatum
1588 761 1720 805 quam

177 825 237 869 ad
267 825 587 869 substantivum
619 825 852 883 pertineat,
881 824 966 883 Eq.
996 839 1039 868 v.
1060 824 1141 868 199
1172 839 1300 869 usum
1329 824 1542 869 habemus
1572 825 1719 869 home-

177 909 345 961 ricum,
393 904 582 962 denique
613 904 697 962 Eq.
727 904 814 949 598
845 919 933 947 non
963 909 1052 947 tam
1085 918 1243 948 eorum-
1266 905 1313 948 in
1341 904 1535 949 locorum
1564 920 1721 949 nume-

176 1003 277 1032 rum
306 984 563 1030 referendus
595 990 680 1038 est,
718 983 878 1042 quibus
907 984 989 1039 μέν
1020 983 1261 1028 solitarium
1291 984 1464 1042 legitur,
1496 1001 1628 1045 quam
1657 987 1721 1030 eis

177 1065 552 1126 adjudicandum,
592 1064 671 1109 ubi
714 1079 795 1123 per
831 1064 1124 1109 anocoluthon
1169 1066 1309 1110 oratio
1349 1065 1477 1110 aliter
1506 1066 1720 1126 procedit,

177 1156 310 1208 atque
341 1149 398 1192 ab
428 1147 552 1191 initio
583 1152 935 1204 exspectaveras.
995 1146 1144 1201 Quum
1175 1148 1293 1190 enim
1323 1147 1524 1205 legantur
1555 1148 1716 1193 verba:

299 1226 418 1270 ἀλλὰ
449 1225 531 1269 τᾶν
562 1228 612 1287 τῇ
650 1227 705 1287 γῇ
733 1228 815 1282 μὲν
846 1224 992 1269 αὐτῶν
1028 1225 1106 1269 οὐκ
1136 1227 1254 1280 ἄγαν
1283 1227 1575 1283 θαυμάζομεν

295 1306 355 1356 ὦς
384 1306 442 1348 ὅτ’
477 1306 523 1356 ἒς
551 1305 629 1355 τὰς
664 1302 952 1358 ἱππαγωγοὺς
994 1304 1238 1363 εἰσεπήδων
1278 1305 1497 1365 α’νδρικῶς

176 1393 256 1443 μέν
284 1384 502 1446 particula
531 1386 841 1444 praeparative
881 1387 1025 1444 posita
1054 1385 1255 1442 videtur,
1298 1387 1384 1443 ita,
1414 1392 1463 1431 ut
1493 1393 1718 1446 exspecte-

176 1474 249 1511 tur
279 1466 522 1511 orationem
564 1464 810 1524 procedere
850 1464 883 1506 δι’
912 1462 1001 1508 δ’ἕν
1032 1464 1242 1525 θαλάσσῃ
1273 1464 1369 1519 aa&
1409 1466 1539 1525 longe
1568 1473 1717 1511 tamen

177 1563 304 1592 secus
334 1551 465 1605 poeta
494 1546 557 1589 ita
586 1544 811 1604 procedit,
846 1560 899 1590 ac
945 1545 983 1590 si
1013 1550 1143 1589 antea
1178 1544 1275 1590 loco
1305 1546 1427 1590 vocis
1456 1546 1573 1600 ἄγαν
1604 1547 1720 1605 lege-

176 1634 301 1672 retur
329 1625 477 1676 οὔτως.
529 1670 533 1674 ,

298 1707 439 1749 Porro
469 1710 519 1749 ut
547 1710 647 1763 post
688 1704 964 1748 substantiva
996 1705 1127 1747 etiam
1158 1710 1257 1763 post
1286 1704 1531 1763 adjectiva,
1569 1706 1720 1762 verba,

177 1785 394 1830 adverbia
439 1785 616 1843 ponitur
654 1784 737 1839 μέν
767 1783 1025 1827 solitarium.
1072 1783 1147 1827 Sic
1175 1789 1275 1842 post
1305 1784 1529 1843 adJectiva
1558 1785 1719 1844 legitur

178 1866 295 1910 Nub.
326 1865 426 1909 563.
465 1865 588 1910 1038.
614 1865 754 1922 vesp.
787 1864 856 1907 77.
887 1864 990 1908 Pac.
1026 1863 1126 1907 673.
1158 1864 1335 1908 Thesm.
1367 1865 1423 1908 97
1447 1865 1605 1924 dequo
1623 1866 1719 1911 loco

177 1946 325 2005 paullo
355 1945 471 1989 infra
502 1943 867 2000 dicendum.erit,
897 1943 1087 2002 denique
1106 1944 1221 1988 Plut.
1244 1944 1356 1998 4893
1388 1951 1488 2003 post
1505 1946 1720 1991 adverbia

179 2027 262 2067 νῦν
277 2026 360 2080 μέν
380 2024 485 2082 Lys.
502 2023 604 2069 557.
643 2024 771 2067 1231.
836 2022 958 2066 Eccl.
986 2023 1086 2066 361.
1118 2023 1206 2067 884
1246 2022 1358 2066 οὕτω
1386 2025 1469 2080 μέν
1483 2025 1567 2085 Eq.
1594 2026 1720 2083 1131,

180 2106 262 2148 Av.
293 2105 394 2150 656.
432 2104 558 2159 1503,
619 2103 706 2159 πρὸ
735 2105 809 2145 τοῦ
839 2104 922 2157 μέν
953 2103 1071 2147 Nub.
1105 2103 1206 2147 654.
1238 2103 1324 2145 ὅκα
1353 2104 1437 2159 μέν
1466 2104 1574 2148 Ach.
1607 2105 1716 2162 7543
1746 2107 1748 2111 '

178 2183 331 2226 ἐπάνω
364 2183 448 2238 μέν
488 2183 571 2226 Av.
612 2183 734 2227 1126
779 2182 938 2241 quibus
981 2182 1090 2228 locis
1118 2183 1202 2237 μέν
1230 2182 1363 2228 modo
1394 2185 1648 2229 concessiva
1677 2187 1723 2230 vi

178 2270 228 2309 ut.
257 2264 375 2307 Nub.
392 2264 492 2320 654,
524 2263 656 2307 modo
687 2263 954 2307 affirmativa
984 2269 1033 2307 ut
1064 2263 1147 2307 Av.
1178 2264 1278 2309 656.
1315 2264 1442 2321 1503,
1473 2270 1549 2309 aut
1577 2266 1722 2323 ipsum

178 2343 444 2388 adverbium
487 2349 638 2400 urget,
685 2349 762 2386 aut
801 2342 861 2386 ad
900 2348 1039 2387 totum
1070 2344 1211 2400 magis
1243 2345 1515 2387 enuntiatum
1542 2351 1723 2402 spectat.

179 2422 358 2466 Thesm.
388 2422 477 2466 575
506 2437 578 2465 me
609 2423 857 2467 consentire
900 2422 1045 2466 fateor
1077 2437 1178 2465 cum
1209 2421 1396 2466 Oobetio
1427 2428 1472 2467 et
1499 2422 1723 2469 Meinekio

180 2518 355 2546 versum
406 2502 655 2546 delentibus
685 2503 887 2560 quamvis
927 2501 997 2544 ὅτε
1038 2503 1122 2557 μέν
1151 2503 1308 2546 referri
1338 2505 1474 2562 possit
1504 2504 1564 2547 ad
1591 2518 1725 2547 mem-

178 2583 308 2628 brum
339 2584 560 2627 omissum.
598 2582 878 2627 Adverbium
919 2581 1038 2640 quod
1083 2588 1148 2626 est
1192 2583 1360 2640 πρῶτον
1390 2585 1571 2642 ejusque
1603 2584 1725 2627 vocis

182 2662 501 2722 superlativum
542 2678 644 2707 cum
682 2662 901 2721 particula
930 2664 1035 2717 μέν,
1083 2678 1195 2721 quae
1225 2665 1272 2707 in
1301 2663 1462 2709 talibus
1492 2666 1586 2707 fere
1617 2677 1725 2708 scm-

180 2759 262 2801 per
292 2744 605 2802 praeparative
636 2744 828 2801 positum
861 2749 937 2798 est,
969 2744 1177 2801 conjungi
1206 2744 1321 2788 infra
1341 2744 1590 2788 accuratius
1603 2743 1726 2787 vide-
1763 2803 1765 2805 -
