1920 3109
924 65 977 109 11

188 192 287 245 fuit,
318 177 402 236 nisi
432 189 571 246 fallor,
598 189 844 246 Bruuckio,
876 188 995 248 quod
1024 186 1135 232 Ach.
1170 186 1256 230 109
1285 185 1372 243 μήν
1399 200 1480 244 pro
1509 184 1594 240 μέν
1622 183 1730 227 scri-

192 271 387 317 bendum
419 275 635 327 censeret,
676 275 829 316 contra
868 283 998 328 quem
1024 268 1119 327 jam
1149 271 1269 310 recte
1298 265 1469 310 monuit
1496 262 1733 308 Elmsleius

191 352 279 409 μήν
308 351 428 410 apud
458 353 674 395 comicum
706 366 795 395 non
823 350 935 408 legi,
975 349 1060 392 nisi
1100 345 1470 406 praecedentibus
1503 343 1730 403 particulis

192 429 326 487 α’λλοῖ,
355 432 418 484 γέ,
448 427 489 488 ἧ,
522 432 609 488 καί,
641 431 708 482 οὔ,
739 429 856 473 οὐδέ.
916 429 979 473 Ut
1010 429 1124 471 enim
1147 426 1347 470 Elmsleii
1378 439 1511 468 causa
1539 423 1624 467 hoc
1655 420 1730 464 ad-

196 508 298 553 dam
329 506 446 552 ἆλλὰ
474 512 566 568 μήν
593 510 755 569 legitur
783 509 896 554 Ach.
929 507 1016 554 765
1047 505 1179 565 (μάν)
1200 506 1300 550 771.
1361 505 1442 547 Av.
1467 504 1568 549 385.
1617 503 1728 545 Rau.

192 589 279 635 258
309 591 358 643 γὲ
377 589 475 648 μήν.
535 590 619 650 Eq.
637 591 739 635 232.
800 590 916 634 Nub.
938 589 1040 633 631.
1057 588 1157 633 822.
1189 585 1318 645 (μα’ν)
1335 585 1438 642 Lys.
1459 584 1557 628 144.
1579 581 1605 640 ἦ
1626 581 1727 638 μήν.

190 670 308 715 Nub.
352 670 451 715 865.
492 670 623 715 1242.
685 665 819 729 Vesp.
860 669 962 714 258.
998 668 1100 712 277.
1141 667 1243 711 643.
1292 665 1421 710 1332.
1479 663 1563 707 Av.
1598 663 1727 707 1259.

195 750 304 794 Ran.
337 749 435 793 104.
470 750 597 795 1470.
655 750 777 793 Eccl.
802 750 927 795 1034.
986 748 1102 792 Plut.
1125 747 1213 790 608
1234 748 1308 788 καὶ
1333 746 1431 800 μὴν.
1492 744 1600 786 Ach.
1631 743 1735 787 247.

195 828 321 886 (μα’ν)
362 830 464 874 878.
506 830 607 885 908.
651 829 780 875 1069.
838 830 920 887 Eq.
960 828 1062 883 335.
1101 827 1201 873 340.
1232 826 1331 869 624.
1362 825 1465 869 691.
1499 824 1598 869 746.
1629 823 1731 866 790.

193 908 294 953 970.
338 909 464 953 1232.
506 909 636 953 1260.
698 908 814 953 Nub.
852 909 896 952 4.
943 908 1072 953 1036.
1115 907 1241 952 1185.
1275 906 1403 951 1344.
1438 905 1566 949 1353.
1601 903 1731 948 1414.

197 988 324 1034 1441.
385 988 520 1048 Vesp.
551 988 653 1033 521.
682 988 783 1033 537.
812 988 916 1032 548.
947 987 1049 1033 737.
1074 986 1295 1043 863899.
1319 985 1448 1031 1173.
1509 985 1613 1028 Pac.
1631 984 1733 1030 369.

195 1068 295 1113 513.
356 1068 437 1112 Av.
466 1068 568 1112 462.
598 1068 697 1112 639.
731 1067 860 1111 1462.
894 1066 1024 1113 1590.
1083 1067 1189 1123 Lys.
1213 1066 1313 1111 131.
1348 1064 1475 1123 (μα’ν)
1505 1065 1604 1109 206.
1625 1065 1728 1109 355.

195 1149 297 1193 362.
327 1149 429 1192 486.
458 1148 559 1192 559.
589 1147 690 1192 588.
719 1147 820 1191 842.
852 1147 980 1191 1072.
1028 1147 1155 1190 1082.
1216 1146 1394 1190 Thesm.
1430 1145 1502 1190 35.
1522 1146 1623 1191 200.
1645 1146 1732 1190 568

196 1228 277 1289 bis.
312 1228 439 1271 1126.
499 1228 610 1271 Ran.
643 1227 741 1270 106.
772 1226 873 1270 285.
911 1227 1011 1269 288.
1043 1226 1142 1269 612.
1173 1225 1274 1269 895.
1305 1225 1406 1268 907.
1433 1225 1571 1268 ,1036.
1605 1225 1733 1268 1119.

198 1308 325 1352 1198.
350 1307 479 1353 1249.
505 1306 631 1351 1263.
660 1306 783 1350 Eccl.
805 1306 878 1351 41.
897 1307 966 1350 73.
980 1306 1084 1350 523.
1102 1306 1189 1349 583
1204 1305 1326 1349 deest
1340 1306 1386 1348 in
1395 1305 1537 1361 Pluto,
1564 1303 1615 1347 οὐ
1631 1307 1733 1361 μήν.

197 1387 314 1431 Nub.
324 1387 396 1433 53.
427 1387 561 1446 Vesp.
575 1387 673 1431 268.
702 1387 870 1431 Pac.41
891 1385 996 1429 ὄυδὲ
1015 1388 1103 1443 μὴν
1117 1386 1193 1444 (cf.
1205 1385 1356 1430 Stallb.
1378 1385 1436 1429 ad
1445 1386 1560 1429 Plat.
1579 1385 1732 1443 Symp.

202 1466 366 1509 172..A.
377 1466 546 1510 Herbst
555 1466 614 1509 ad
622 1467 740 1509 Xen.
753 1466 940 1511 Conviv.
951 1482 995 1524 p.
1010 1466 1098 1521 17).
1113 1466 1223 1509 Ran.
1233 1466 1333 1509 263.
1347 1465 1469 1508 Eccl.
1481 1465 1734 1509 1075.1085

199 1547 387 1605 denique
407 1546 605 1591 doricum
626 1545 684 1588 σοὶ
696 1549 802 1602 μάν,
828 1545 947 1610 quod
963 1552 1029 1590 est
1040 1547 1080 1588 τί
1103 1545 1191 1603 μήν
1205 1545 1275 1601 (cf.
1289 1545 1507 1590 Schaefer.
1525 1545 1584 1590 ad
1600 1544 1733 1604 Soph.

199 1626 359 1670 Trach.
370 1626 491 1685 390).
523 1626 630 1670 Ach.
641 1626 740 1670 754.
753 1626 852 1669 784.
873 1627 944 1670 De
956 1626 1108 1670 dorica
1117 1625 1359 1685 particulae
1370 1626 1522 1682 forma,
1540 1640 1652 1684 quae
1662 1625 1734 1669 hic

195 1705 286 1749 illic
314 1705 473 1764 legitur
501 1706 546 1749 in
577 1705 831 1750 universum
860 1705 994 1749 velim
1025 1706 1226 1750 conferas
1257 1720 1368 1764 quae
1398 1705 1508 1749 dicit
1532 1705 1733 1750 Eustath.

199 1784 258 1828 ad
278 1785 328 1828 Il.
358 1784 392 1827 α’
416 1786 495 1829 35:
524 1785 571 1827 τὸ
600 1787 747 1839 μέντοι
774 1785 863 1842 μὴν
893 1787 967 1826 καὶ
993 1784 1067 1827 διὰ
1100 1787 1175 1827 τοῦ
1206 1791 1242 1826 ἅ
1273 1785 1440 1837 λέγεται
1468 1784 1574 1840 μὰν,
1606 1787 1735 1827 καθὰ

199 1865 274 1905 καὶ
303 1862 395 1906 α’πὸ
426 1865 500 1907 τοῦ
528 1863 647 1921 φρὴν
673 1865 861 1917 γίγνεται
891 1867 967 1906 καὶ
995 1865 1042 1907 τὸ
1073 1865 1202 1921 φρεσί
1230 1867 1388 1914 κοινῶς
1417 1867 1492 1907 καὶ
1521 1880 1569 1908 το
1596 1867 1736 1922 φρασὶ

199 1943 394 2001 δωρικῶς
417 1944 541 1999 παρὰ
561 1942 790 2001 Πινδάρῳ·
823 1944 934 1986 οὓτω
965 1944 1015 1986 δὲ
1045 1947 1120 1986 καὶ
1145 1945 1192 1987 τὸ
1207 1945 1295 2001 μὴν
1325 1947 1399 1987 καὶ
1427 1947 1511 2000 μὲν
1539 1948 1615 1987 καὶ
1641 1946 1735 1999 μὰν

194 2031 473 2083 τριφορεῒναι.
534 2023 680 2083 Atque
710 2023 794 2069 hac
824 2025 1052 2070 occasione
1084 2024 1187 2069 data
1226 2026 1372 2070 statim
1402 2025 1566 2069 addam
1600 2026 1733 2071 etiam

200 2104 256 2148 de
283 2103 578 2163 Aristophane
623 2104 772 2148 valere
811 2104 931 2164 quod
970 2105 1026 2149 de
1054 2106 1235 2163 tragicis
1266 2106 1374 2149 dicit
1402 2106 1623 2150 Porsonus
1654 2106 1732 2165 (ad

198 2184 307 2227 Eur.
335 2184 499 2227 Phoen.
531 2184 645 2227 1638
675 2184 733 2226 ad
764 2184 936 2228 Hecub.
967 2185 1091 2242 403),
1120 2201 1252 2243 saepe
1283 2186 1461 2244 quidem
1490 2187 1732 2244 particulae

200 2261 288 2320 μήν
326 2261 433 2307 addi
471 2262 729 2321 particulam
766 2264 817 2317 γέ
857 2264 904 2308 in
945 2264 1101 2309 eodem
1132 2267 1356 2310 enuntiato
1386 2266 1463 2310 sed
1495 2281 1734 2326 numquam

200 2343 286 2385 nisi
324 2343 580 2401 interposito
620 2343 707 2387 alio
744 2344 896 2388 verbo.
956 2346 1024 2388 Ne
1065 2347 1181 2389 enim
1227 2346 1382 2405 longus
1426 2347 1509 2390 sim
1550 2348 1597 2390 in
1626 2346 1734 2389 locis

201 2422 290 2480 jam
333 2425 598 2468 enumeratis
642 2425 804 2469 iterum
847 2427 1145 2471 enumerando
1185 2427 1372 2471 sufficiat
1412 2426 1577 2471 dixisse
1613 2425 1734 2485 apud

195 2500 540 2560 Aristophanem
577 2505 727 2549 tricies
756 2506 917 2564 septies
947 2506 1053 2550 addi
1082 2507 1342 2565 particulam
1371 2508 1422 2560 γέ
1453 2507 1531 2550 sed
1560 2521 1736 2563 semper

193 2582 460 2642 ⁴interposito
484 2582 570 2628 alio
591 2584 742 2642 verbo,
773 2585 915 2645 quid?
945 2586 1064 2646 quod
1084 2587 1154 2632 vel
1175 2587 1303 2646 plura
1319 2585 1597 2631 intercedunt
1617 2585 1733 2630 Nub.

196 2663 332 2707 1414.
395 2663 519 2723 Vesp.
556 2664 655 2708 268.
692 2665 792 2709 277.
835 2666 935 2711 548.
994 2667 1080 2711 Av.
1120 2669 1220 2712 639.
1280 2668 1456 2712 Thesm.
1493 2667 1564 2711 35.
1624 2667 1734 2710 Rau.

206 2742 331 2787 1036.
392 2744 512 2821 Eccl.
542 2745 641 2790 523.
701 2745 849 2805 Atque
892 2748 1010 2806 quod
1051 2748 1107 2793 de
1138 2749 1445 2808 Aristophanis
1482 2764 1563 2793 usu
1604 2747 1736 2806 parti—
