1920 3109
933 64 1009 112 ‘3'6

211 192 296 235 rim
328 190 540 246 locorum,
571 190 737 249 quibus
766 205 1011 249 pronomen
1032 189 1269 249 personale·
1294 205 1393 239 cum
1411 192 1757 251 particulaquae

210 279 275 316 est
303 273 451 328 μέντοι
483 272 775 331 conjungitur,
806 272 871 315 eis
901 272 1050 329 statim
1084 271 1193 317 aiios
1223 271 1341 317 locos
1363 273 1645 333 subjungam,
1664 274 1755 318 :ubi

209 353 367 397 eodem
399 353 491 396 fere
523 353 732 417 modo-in
764 354 999 396 enuntiatis
1029 353 1305 396 affirmativis
1335 353 1515 398 formae·
1536 354 1753 414 quaedam

209 435 482 494 pronominis
520 433 741 493 particula
780 435 930 489 μέντοι
968 434 1219 478 efferuntur.
1267 435 1348 478 His
1378 434 1487 479 locis
1514 437 1661 491 μέντοι
1691 437 1754 480 in·

206 515 382 559 terdum
414 529 563 558 merae
585 514 942 559 corroborationi·
954 515 1153 571 inservit,
1184 521 1233 559 ut
1261 515 1372 559 Ran.
1398 531 1438 560 v.
1458 516 1559 573 171,
1588 516 1666 563 ubi
1694 516 1755 560 'le-

205 597 326 655 gitur
356 592 507 648 οὖτος,
556 597 602 638 σὲ
633 595 743 649 λέγω
773 597 946 652 μέντοι,
978 598 1025 638 σὲ
1054 597 1142 645 τὸν,
1160 596 1403 654 τεθνηκότα
1429 612 1528 656 vquo
1571 597 1667 642 loco
1700 598 1747 640 σὲ

207 677 317 732 λέγω
347 679 495 733 μέντοι
525 677 644 721 idem
677 683 755 733 est,
788 692 920 736 quam
962 676 1081 737 quod
1111 677 1226 722 Plut.
1273 694 1314 722 v.
1358 678 1472 725 1099
1513 678 1753 736 legitur-⁶5

206 772 272 800 τοι
318 757 442 811 λέγω.
505 757 638 813 Quod
671 758 834 816 legitur
864 760 912 800 σὲ
959 757 1071 812 λέγω
1100 760 1248 813 μέντοι
1291 774 1373 818 pro
1393 774 1458 804 eo
1506 759 1628 818 quod
1668 759 1753 803 for·

204 844 319 883 tasse
351 846 582 898 exspectes
610 842 658 882 σὲ
688 841 836 893 μέντοι
869 839 993 894 λέγω,
1027 840 1187 884 mirum
1219 829 1432 884 non-esse
1462 854 1605 898 neque
1620 839 1752 883 inusi-

203 926 343 965 tatum
374 920 645 965 Fritzschius
672 921 821 965 docuit
871 920 938 979 (cf.
970 920 1206 965 Fritzschii
1237 920 1418 976 Quaest.
1460 920 1568 966 Luc.
1600 936 1642 981 p.
1674 919 1749 978 28)

203 1002 337 1046 Adde
368 1002 487 1061 quod
519 1002 754 1054 etiamAv.
783 1018 825 1046 v.
856 1004 942 1048 339
967 1003 1184 1062 particula
1203 1003 1350 1058 μέντοι
1371 1002 1499 1046 illam
1530 1002 1588 1046 ad
1618 1017 1749 1064 quam

204 1085 397 1142 pertinet
417 1098 571 1127 vocem
604 1080 657 1125 σύ
691 1083 932 1142 praecedit,
964 1084 1010 1126 in
1027 1089 1283 1127 tetrametro
1315 1083 1492 1142 quidem
1511 1082 1746 1137 trochaico,

204 1179 338 1223 quum
379 1165 425 1207 in
463 1165 675 1208 trimetris
714 1164 924 1222 jambicis
966 1178 1070 1221 eam*
1112 1179 1287 1222 semper
1324 1147 1573 1222 sequaturs
1605 1162 1748 1207 AJite‘r

204 1259 276 1288 res
307 1259 353 1288 se
384 1243 520 1288 habet
551 1244 635 1303 Eq.
668 1260 709 1287 v.
743 1244 831 1288 885
860 1244 939 1288 ubi
984 1243 1132 1288 verbis
1165 1243 1310 1300 ἔμοιγε
1333 1244 1500 1303 stenen
1531 1244 1747 1304 oppositio

204 1326 404 1382 infertur,
447 1327 509 1369 ita
538 1331 589 1369 ut
618 1324 701 1369 hoc
733 1324 829 1369 lo'co
870 1326 1018 1381 μέντοι
1050 1325 1310 1369 Latinorum
1351 1327 1407 1369 sit
1458 1331 1629 1369 tamen.¹
1673 1325 1747 1368 Ad

201 1406 427 1452 Ranarum
458 1420 613 1450 versus
644 1404 976 1449 similitudinem
1009 1404 1170 1449 deinde
1200 1407 1381 1465 propius
1412 1405 1585 1450 accedit
1603 1405 1687 1465 Eq.
1704 1422 1746 1450 v.

205 1489 319 1534 1152
351 1488 428 1531 ubi
456 1489 603 1542 μέντοι
617 1501 771 1530 vocem
803 1501 915 1545 quae
947 1492 1013 1530 est
1032 1486 1117 1539 ἕνα)
1140 1487 1278 1543 effert,
1308 1487 1612 1545 simulantem
1645 1487 1746 1531 voci

185 1568 440 1628 ,respondet
481 1566 699 1626 particula
744 1565 798 1611 δέ
837 1582 879 1610 v.
926 1567 1053 1611 1154.
1116 1567 1358 1624 Singulari>
1383 1550 1591 1625 quodam¹
1613 1566 1745 1611 modo

199 1647 416 1709 particula
444 1649 591 1703 μέντοι
622 1663 725 1693 usus
756 1653 822 1691 est
853 1647 1168 1707 Aristophanes
1202 1647 1373 1693 duobus
1403 1648 1512 1693 locis
1539 1647 1628 1692 Av4·
1645 1648 1745 1692 933.

200 1731 379 1775 Thesm.
411 1730 525 1786 2183
559 1743 745 1788 quorum
776 1730 940 1787 priore
957 1728 1119 1807 legitur
1148 1729 1271 1772 loco:

433 1844 570 1914 οὗτος,
605 1850 656 1891 σι)
687 1849 844 1902 μέντοι
867 1845 1077 1898 σπολάδα
1106 1851 1180 1889 καὶ
1209 1848 1351 1905 χιτῷν“
1382 1826 1531 1902 ἕχὲις

439 1929 664 1981 ἀπόδυθι,
698 1933 771 1971 καὶ
803 1929 880 1980 δὸς
909 1931 970 1987 τῷ
1000 1931 1156 1990 ποιητῇ
1187 1931 1247 1986 τῷ
1279 1931 1420 1986 σοφιΐί.

197 2052 333 2095 quum
379 2035 519 2079 altero
560 2033 635 2077 illo
682 2048 706 2077 e
750 2031 1218 2102 Thesmophmiazusis
1264 2031 1494 2091 desumpto
1539 2000 1757 2090 legantur-

195 2117 356 2161 verba:

476 2206 703 2263 Ἀγάθων,
734 2207 787 2250 σύ
815 2208 962 2263 μέντοι
993 2207 1253 2265 ξυροφορεῖς
1282 2204 1484 2250 ἑκᾶσωπ

482 2288 642 2346 χρῆσόν
671 2290 710 2331 τί
740 2302 822 2331 νυν
851 2287 957 2345 ἡμῖν
987 2288 1137 2343 ξύρον.

192 2395 393 2453 Utroque
425 2392 521 2437 loco
549 2393 821 2437 enuntiatum
854 2391 974 2448 illud,
1007 2393 1050 2435 in
1084 2406 1170 2450 quo
1212 2406 1366 2435 vocem
1405 2391 1553 2446 μέντοι
1595 2391 1741 2451 posuit

192 2480 322 2535 poeta
353 2489 535 2519 causam
567 2475 691 2533 quasi
725 2473 947 2532 quandam
979 2473 1162 2528 inducit,
1193 2474 1255 2516 ita
1275 2478 1435 2530 tamen,
1466 2479 1514 2517 ut
1542 2489 1628 2517 non
1654 2470 1738 2528 γάρ

191 2556 434 2616 particulae
480 2556 621 2599 instar
669 2556 749 2611 sit,
795 2553 874 2598 sed
918 2569 1018 2599 cum
1059 2554 1201 2597 ironia
1245 2552 1436 2612 quadam
1477 2536 1739 2612 proferatur,

192 2653 322 2698 quam
345 2639 519 2697 saepius
537 2637 729 2696 exprimi
747 2652 826 2695 per
853 2634 1115 2696 particulam
1130 2635 1277 2690 μέντοι
1294 2634 1413 2679 Nub.
1426 2650 1466 2678 v,
1487 2634 1576 2679 340
1599 2633 1738 2690 docet,

191 2719 248 2764 ad
281 2734 411 2778 quem
443 2734 619 2763 versum
652 2717 880 2762 adnotavit
918 2717 1222 2764 Hermannus:
1263 2702 1436 2773 ‚menon
1468 2719 1531 2759 est
1562 2716 1738 2775 enim-
1784 2734 1787 2737 ·

189 2816 351 2858 vero,·
383 2816 515 2858 quum
556 2802 670 2845 serio
711 2800 923 2845 dicentem
964 2800 1078 2856 facit
1110 2799 1335 2844 Socratem
1374 2801 1512 2854 poeta
1550 2798 1650 2855 ipse
1690 2798 1740 2842 id
