1920 3109
940 84 967 126 8

176 204 259 258 μέν
288 204 420 247 etiam
461 219 540 262 per
578 218 624 247 se
655 206 760 263 poni
790 220 918 263 posse
948 204 1070 249 nulla
1109 212 1318 263 sequente
1366 206 1583 264 particula
1615 189 1748 265 quae-

176 282 453 341 respondeat.
514 283 661 342 Atque
695 284 750 328 de
781 284 864 328 hac
898 300 948 328 re
978 284 1050 328 vel
1082 272 1276 329 maxime
1309 285 1624 331 dubitaverunt
1654 286 1727 331 ho-

175 364 316 407 mines
347 362 484 419 docti,
525 378 660 422 quum
702 363 800 420 alii,
843 364 1150 408 Hermannum
1189 366 1329 409 secuti
1367 365 1439 421 (ef.
1475 366 1629 410 Herm.
1665 366 1724 411 ad

174 443 327 501 Viger.
354 460 397 502 p.
429 444 517 488 839
549 444 618 488 ed.
651 444 760 501 IV),
806 444 1022 501 dicerent,
1051 446 1134 500 μέν
1163 445 1241 489 ubi
1282 445 1453 489 dicatur
1483 446 1725 491 solitarium

174 531 251 567 aut
289 523 622 582 intelligendum
667 539 761 568 esse
802 524 853 566 δέ
888 511 970 568 ἐιη
1013 525 1154 568 omitti
1194 524 1314 568 illam
1355 531 1527 583 partem
1568 528 1725 571 oratio-

173 604 254 660 nis,
285 619 417 663 quam
447 605 708 656 sententiam
738 604 984 648 Hermanni
1014 604 1169 663 regula
1199 605 1505 664 complectitur
1519 605 1723 652 Bremius

174 684 253 740 (ad
283 684 385 741 Lys.
418 685 519 727 adv.
551 684 772 728 Eratosth.
814 682 859 743 ξ.
890 685 937 742 5)
980 684 1086 728 hac:
1117 685 1285 738 „Haud
1324 700 1430 729 raro
1454 686 1644 740 ponitur
1673 688 1722 730 in

172 777 260 807 uno
293 764 509 808 orationis
538 764 727 809 membro
756 764 841 819 μέν
871 765 943 807 cui
960 776 1048 826 non
1085 764 1319 819 respondet
1350 763 1414 808 δέ.
1474 764 1594 817 Duo,
1628 765 1724 820 qui-

174 844 254 886 bus
283 844 362 887 hoc
390 844 467 899 fit,
506 857 669 899 qenera
714 844 922 887 constitui
957 849 1167 898 possunt.
1229 830 1445 888 Alterum
1463 849 1547 897 est,
1588 858 1734 899 quum-

172 924 422 977 membrum‚
456 925 573 979 quod
586 939 674 979 per
704 924 755 967 δέ
782 925 1100 968 adnectendum
1126 925 1229 979 fuit,
1258 926 1393 980 facile
1430 926 1723 980 supplendum

174 1004 404 1048 omittatur
433 1005 514 1059 (cf.
544 1004 728 1059 Heindf.
760 1005 820 1048 ad
841 1004 961 1049 Plat.
993 1004 1161 1048 Phaed.
1192 1007 1223 1057 ἕ
1251 1008 1285 1049 2
1315 1004 1375 1048 ad
1391 1004 1525 1059 δορὴ.
1556 1007 1589 1058 §⁸
1620 1008 1716 1057 12),

173 1085 383 1139 alterum,
414 1099 548 1140 quum
588 1099 675 1139 per
718 1086 853 1128 lenem
885 1085 1210 1129 anacoluthiam
1239 1085 1477 1129 membrum
1492 1118 1503 1139 ‚
1541 1098 1628 1139 per
1668 1083 1720 1127 δέ

175 1164 503 1217 adnectendum,
528 1163 622 1207 alia
634 1165 782 1218 forma
799 1164 1036 1207 addatur“'.
1099 1165 1250 1220 Recte,
1284 1170 1329 1208 ut
1353 1164 1615 1219 videbimus,
1644 1164 1724 1208 sed

175 1243 433 1289 addendum
464 1249 559 1289 erat
587 1244 780 1300 tertium,
809 1244 892 1299 μέν
921 1243 1182 1303 particulam
1212 1244 1433 1289 interdum
1464 1245 1597 1288 etiam
1627 1243 1724 1288 soli-

173 1326 334 1371 tariam
363 1324 478 1383 legi,
514 1324 592 1369 ubi
622 1339 766 1383 neque
798 1323 851 1366 δέ
880 1325 1195 1384 supplendum,
1239 1340 1382 1384 neque
1413 1339 1494 1384 per
1523 1324 1723 1369 anacolu—

173 1404 312 1450 thiam
340 1406 489 1463 pergit
519 1404 783 1460 oratio,'sed
823 1396 904 1459 ita,
949 1411 998 1448 ut
1027 1404 1086 1448 ad
1126 1420 1262 1449 unum
1292 1404 1481 1448 verbum
1519 1404 1722 1448 corrobo-

174 1485 364 1530 randum
410 1490 600 1543 ponatur
642 1482 869 1542 particula„
946 1484 1091 1542 Atque
1137 1483 1250 1527 hanc
1291 1483 1507 1527 rationem
1543 1484 1720 1527 tertiam

175 1567 339 1624 optime
379 1565 585 1623 exposuit
614 1562 919 1608 Schemannus
957 1562 1016 1606 ad
1049 1563 1230 1607 Jsaeum
1263 1578 1303 1621 p.
1343 1562 1426 1605 177
1460 1563 1583 1620 cujus
1613 1562 1723 1606 haec

176 1652 276 1690 sunt
306 1645 469 1689 verba:
503 1644 710 1700 „Scilicet
722 1643 770 1687 hi
795 1644 1159 1699 Hoogeveenium
1198 1642 1306 1707 dicit
1337 1648 1380 1685 et
1419 1643 1722 1687 Hermannum

172 1726 414 1781 propriam
459 1729 499 1769 et
521 1724 805 1779 primitivam
848 1723 971 1766 illius
1007 1722 1262 1777 particulae
1304 1723 1392 1765 vim
1434 1723 1722 1767 concessivam

176 1810 399 1859 statuunt,
445 1819 556 1860 quae
585 1802 852 1859 βεβαιωτική
883 1803 1034 1857 potius
1064 1802 1261 1853 videtur,
1294 1806 1424 1857 atque
1452 1802 1565 1846 hanc
1595 1803 1720 1858 affir-

177 1886 331 1931 mandi
360 1886 450 1930 vim
480 1898 613 1940 quum
656 1883 780 1939 apud
808 1883 1050 1927 Homerum
1082 1881 1157 1939 (cf.
1188 1880 1359 1927 Bauml.
1390 1881 1510 1926 Part.
1540 1897 1582 1941 p.
1615 1881 1721 1942 160)

177 1973 220 2013 et
248 1967 522 2011 Herodotum
570 1964 643 2024 (cf.
689 1964 799 2009 ibid.
825 1980 884 2022 -Ρ,
919 1963 1024 2019 162)
1069 1977 1191 2007 nemo
1236 1977 1323 2006 non
1369 1967 1598 2018 aqnoscat,
1643 1968 1722 2007 eur

180 2049 306 2103 apud
319 2048 494 2091 Atticos
500 2047 639 2101 plane
662 2044 1000 2100 deyeneraverit‚
1027 2056 1163 2085 causa
1179 2042 1305 2085 nulla
1327 2045 1475 2096 potest
1487 2042 1718 2085 inveniri“.

299 2129 455 2185 Neque
485 2141 591 2170 vero
624 2124 911 2182 degeneravit
951 2122 1072 2181 apud
1101 2123 1279 2166 Atticos.
1340 2121 1404 2166 Ut
1444 2122 1561 2166 enim
1601 2121 1721 2181 apud

177 2209 448 2263 Homerum,
479 2204 780 2261 Herodotum,
811 2202 1056 2248 Pindarum
1088 2200 1238 2260 (Pyth.
1270 2200 1337 2245 VI
1365 2200 1467 2258 43),
1497 2201 1560 2245 ita
1589 2201 1722 2245 etiam

176 2290 297 2349 apud
316 2288 583 2346 Aeschylum
613 2286 689 2344 (cf.
713 2284 886 2329 Bauml.
918 2300 960 2341 p.
993 2282 1112 2341 161),
1142 2281 1401 2340 Sophoclem
1431 2281 1505 2337 (cf.
1530 2280 1749 2335 Ellendt,

177 2371 290 2415 Lex.
323 2367 456 2427 Soph.
486 2383 530 2411 v.
561 2367 676 2422 μέν),
706 2352 936 2410 Platonem
967 2362 1041 2420 (cf.
1068 2362 1181 2407 Astii
1208 2362 1321 2407 Lex.
1343 2359 1517 2405 Plat.II
1547 2375 1590 2419 p.
1612 2359 1721 2418 302)

177 2452 260 2506 μέν
289 2449 532 2493 solitarium
563 2447 609 2490 vi
647 2461 768 2489 mere
810 2445 1072 2488 affirmativa
1112 2443 1305 2500 legitur,
1323 2456 1466 2498 neque
1498 2440 1621 2485 deest
1649 2440 1723 2483 hic

179 2545 283 2574 usus
314 2528 436 2587 apud
466 2525 803 2582 Aristophanem
833 2524 889 2567 de
925 2523 1051 2581 cujus
1083 2521 1260 2566 dicendi
1302 2521 1470 2565 ratione
1510 2534 1627 2564 nunc
1657 2524 1723 2562 est

179 2610 428 2656 accuratius
469 2606 786 2667 quaerendum.
848 2605 949 2649 Hac
991 2619 1098 2648 vero
1134 2604 1180 2647 in
1224 2618 1273 2647 re
1303 2603 1438 2647 satius
1484 2600 1594 2645 duxi
1635 2615 1723 2644 non

179 2706 279 2734 eam
315 2688 491 2748 ingredi
533 2688 767 2743 rationem,
813 2691 863 2730 ut
891 2685 978 2730 tria
1008 2683 1106 2741 illa,
1154 2683 1209 2728 de
1240 2682 1399 2742 quibus
1441 2695 1577 2740 supra
1617 2679 1724 2737 dixi,
1791 2683 1793 2685 ’

181 2770 357 2814 dicendi
388 2784 579 2827 genera,
622 2783 808 2826 sequar,
846 2782 979 2825 quum
1016 2766 1136 2823 justo
1166 2765 1263 2823 plus
1307 2765 1352 2807 in
1383 2761 1750 2819 uniuscujusque·
