<?xml version="1.0" encoding="UTF-8"?>
<!DOCTYPE html PUBLIC "-//W3C//DTD XHTML 1.0 Transitional//EN"
    "http://www.w3.org/TR/xhtml1/DTD/xhtml1-transitional.dtd">
<html xmlns="http://www.w3.org/1999/xhtml" xml:lang="en" lang="en">
 <head>
  <title>
</title>
<meta http-equiv="Content-Type" content="text/html;charset=utf-8" />
  <meta name='ocr-system' content='tesseract 3.04.00' />
  <meta name='ocr-capabilities' content='ocr_page ocr_carea ocr_par ocr_line ocrx_word'/>
</head>
<body>
  <div class='ocr_page' id='page_1' title='image "4737219_0032.png"; bbox 0 0 1920 3109; ppageno 0'>
   <div class='ocr_carea' id='block_1_1' title="bbox 948 92 1006 134">
    <p class='ocr_par' dir='ltr' id='par_1_1' title="bbox 948 92 1006 134">
     <span class='ocr_line' id='line_1_1' title="bbox 948 92 1006 134; baseline -0.017 0"><span class='ocrx_word' id='word_1_1' title='bbox 948 92 1006 134; x_wconf 88' lang='grc'>26</span> 
     </span>
    </p>
   </div>
   <div class='ocr_carea' id='block_1_2' title="bbox 190 201 1798 1395">
    <p class='ocr_par' dir='ltr' id='par_1_2' title="bbox 190 201 1798 1395">
     <span class='ocr_line' id='line_1_2' title="bbox 194 201 1743 275; baseline 0.005 -22"><span class='ocrx_word' id='word_1_2' title='bbox 194 201 279 254; x_wconf 90' lang='lat' dir='ltr'>bus</span> <span class='ocrx_word' id='word_1_3' title='bbox 311 217 496 269; x_wconf 87' lang='lat' dir='ltr'>apparet</span> <span class='ocrx_word' id='word_1_4' title='bbox 527 216 748 255; x_wconf 80' lang='lat' dir='ltr'><strong>structura</strong></span> <span class='ocrx_word' id='word_1_5' title='bbox 777 207 1049 270; x_wconf 82' lang='lat' dir='ltr'>paratactica</span> <span class='ocrx_word' id='word_1_6' title='bbox 1079 213 1154 270; x_wconf 86' lang='lat' dir='ltr'>(cf.</span> <span class='ocrx_word' id='word_1_7' title='bbox 1194 214 1335 258; x_wconf 85' lang='lat' dir='ltr'>K..·F.</span> <span class='ocrx_word' id='word_1_8' title='bbox 1364 215 1517 259; x_wconf 85' lang='lat' dir='ltr'><strong>Herm.</strong></span> <span class='ocrx_word' id='word_1_9' title='bbox 1558 214 1621 258; x_wconf 88' lang='lat' dir='ltr'>de·</span> <span class='ocrx_word' id='word_1_10' title='bbox 1646 231 1743 275; x_wconf 84' lang='lat' dir='ltr'>pro-</span> 
     </span>
     <span class='ocr_line' id='line_1_3' title="bbox 194 291 1739 355; baseline 0.003 -22"><span class='ocrx_word' id='word_1_11' title='bbox 194 291 277 334; x_wconf 86' lang='lat' dir='ltr'>tasi</span> <span class='ocrx_word' id='word_1_12' title='bbox 305 292 577 349; x_wconf 84' lang='lat' dir='ltr'>paratactica</span> <span class='ocrx_word' id='word_1_13' title='bbox 606 307 649 351; x_wconf 93' lang='lat' dir='ltr'>p.</span> <span class='ocrx_word' id='word_1_14' title='bbox 679 292 721 336; x_wconf 91' lang='lat'>4.</span> <span class='ocrx_word' id='word_1_15' title='bbox 754 293 949 351; x_wconf 77' lang='lat' dir='ltr'>Kriigeri</span> <span class='ocrx_word' id='word_1_16' title='bbox 979 293 1055 338; x_wconf 82' lang='lat' dir='ltr'>Gr.</span> <span class='ocrx_word' id='word_1_17' title='bbox 1087 293 1163 340; x_wconf 81' lang='lat' dir='ltr'>Gr.</span> <span class='ocrx_word' id='word_1_18' title='bbox 1195 291 1238 354; x_wconf 64' lang='grc' dir='ltr'>ἓ.</span> <span class='ocrx_word' id='word_1_19' title='bbox 1256 294 1326 339; x_wconf 71' lang='lat'>59.</span> <span class='ocrx_word' id='word_1_20' title='bbox 1342 298 1345 301; x_wconf 81' lang='grc'><em>“</em></span> <span class='ocrx_word' id='word_1_21' title='bbox 1361 294 1516 339; x_wconf 76' lang='lat' dir='ltr'>Matth.</span> <span class='ocrx_word' id='word_1_22' title='bbox 1553 292 1600 355; x_wconf 60' lang='grc' dir='ltr'>ξ,</span> <span class='ocrx_word' id='word_1_23' title='bbox 1639 295 1739 340; x_wconf 81' lang='grc'><strong>622.</strong></span> 
     </span>
     <span class='ocr_line' id='line_1_4' title="bbox 192 368 1739 435; baseline 0.004 -24"><span class='ocrx_word' id='word_1_24' title='bbox 192 368 236 412; x_wconf 92' lang='grc'>4.</span> <span class='ocrx_word' id='word_1_25' title='bbox 270 368 472 413; x_wconf 83' lang='lat' dir='ltr'>Scheibe.</span> <span class='ocrx_word' id='word_1_26' title='bbox 503 371 661 415; x_wconf 87' lang='lat' dir='ltr'>Philol.</span> <span class='ocrx_word' id='word_1_27' title='bbox 693 372 747 415; x_wconf 94' lang='lat' dir='ltr'>V.</span> <span class='ocrx_word' id='word_1_28' title='bbox 790 372 893 416; x_wconf 83' lang='lat'>350.</span> <span class='ocrx_word' id='word_1_29' title='bbox 915 373 1115 433; x_wconf 65' lang='lat' dir='ltr'>-Heindfi</span> <span class='ocrx_word' id='word_1_30' title='bbox 1147 373 1205 417; x_wconf 86' lang='lat' dir='ltr'>ad</span> <span class='ocrx_word' id='word_1_31' title='bbox 1239 373 1351 417; x_wconf 83' lang='lat' dir='ltr'>Plat.</span> <span class='ocrx_word' id='word_1_32' title='bbox 1384 374 1520 431; x_wconf 82' lang='lat' dir='ltr'>Gorg.</span> <span class='ocrx_word' id='word_1_33' title='bbox 1550 373 1611 435; x_wconf 64' lang='grc' dir='ltr'><strong>ξ.</strong></span> <span class='ocrx_word' id='word_1_34' title='bbox 1630 376 1739 432; x_wconf 88' lang='grc'>144.)</span> 
     </span>
     <span class='ocr_line' id='line_1_5' title="bbox 194 447 1737 513; baseline 0.005 -22"><span class='ocrx_word' id='word_1_35' title='bbox 194 447 347 492; x_wconf 83' lang='lat' dir='ltr'>Solent</span> <span class='ocrx_word' id='word_1_36' title='bbox 378 450 495 493; x_wconf 89' lang='lat' dir='ltr'>enim</span> <span class='ocrx_word' id='word_1_37' title='bbox 526 452 763 510; x_wconf 72' lang='lat' dir='ltr'>scriptores</span> <span class='ocrx_word' id='word_1_38' title='bbox 780 452 984 510; x_wconf 73' lang='lat' dir='ltr'>Graeci,</span> <span class='ocrx_word' id='word_1_39' title='bbox 1024 459 1073 498; x_wconf 92' lang='lat' dir='ltr'>ut</span> <span class='ocrx_word' id='word_1_40' title='bbox 1102 452 1329 512; x_wconf 85' lang='lat' dir='ltr'>&#39;pedestres</span> <span class='ocrx_word' id='word_1_41' title='bbox 1373 454 1435 497; x_wconf 81' lang='lat' dir='ltr'>ita</span> <span class='ocrx_word' id='word_1_42' title='bbox 1477 458 1633 513; x_wconf 56' lang='lat' dir='ltr'>postas</span> <span class='ocrx_word' id='word_1_43' title='bbox 1663 455 1737 513; x_wconf 90' lang='lat' dir='ltr'>(cf.</span> 
     </span>
     <span class='ocr_line' id='line_1_6' title="bbox 191 528 1739 592; baseline 0.003 -22"><span class='ocrx_word' id='word_1_44' title='bbox 191 528 414 586; x_wconf 86' lang='lat' dir='ltr'>Exempla</span> <span class='ocrx_word' id='word_1_45' title='bbox 442 530 688 588; x_wconf 86' lang='lat' dir='ltr'>Sophoclea</span> <span class='ocrx_word' id='word_1_46' title='bbox 719 547 832 590; x_wconf 87' lang='lat' dir='ltr'>quae</span> <span class='ocrx_word' id='word_1_47' title='bbox 863 532 1040 590; x_wconf 82' lang='lat' dir='ltr'>collegit</span> <span class='ocrx_word' id='word_1_48' title='bbox 1067 533 1121 575; x_wconf 88' lang='lat' dir='ltr'>L.</span> <span class='ocrx_word' id='word_1_49' title='bbox 1153 533 1337 592; x_wconf 74' lang='lat' dir='ltr'>Langez·</span> <span class='ocrx_word' id='word_1_50' title='bbox 1359 533 1414 576; x_wconf 92' lang='lat' dir='ltr'>de</span> <span class='ocrx_word' id='word_1_51' title='bbox 1431 532 1739 592; x_wconf 73' lang='lat' dir='ltr'>Soph.Ele&#39;ctr.</span> 
     </span>
     <span class='ocr_line' id='line_1_7' title="bbox 192 609 1737 677; baseline 0.005 -26"><span class='ocrx_word' id='word_1_52' title='bbox 192 609 357 653; x_wconf 87' lang='lat' dir='ltr'>stasim.</span> <span class='ocrx_word' id='word_1_53' title='bbox 387 610 447 655; x_wconf 93' lang='lat' dir='ltr'>II.</span> <span class='ocrx_word' id='word_1_54' title='bbox 481 619 713 657; x_wconf 87' lang='lat' dir='ltr'>comment.</span> <span class='ocrx_word' id='word_1_55' title='bbox 744 629 788 677; x_wconf 82' lang='lat' dir='ltr'>p.</span> <span class='ocrx_word' id='word_1_56' title='bbox 815 613 898 673; x_wconf 81' lang='lat'>11)</span> <span class='ocrx_word' id='word_1_57' title='bbox 942 630 1022 673; x_wconf 87' lang='lat' dir='ltr'>per</span> <span class='ocrx_word' id='word_1_58' title='bbox 1065 613 1302 674; x_wconf 85' lang='lat' dir='ltr'>particulas</span> <span class='ocrx_word' id='word_1_59' title='bbox 1337 612 1500 669; x_wconf 79' lang='grc' dir='ltr'><em>μὲν-δέ</em></span> <span class='ocrx_word' id='word_1_60' title='bbox 1546 614 1634 659; x_wconf 87' lang='lat' dir='ltr'>duo</span> <span class='ocrx_word' id='word_1_61' title='bbox 1664 630 1737 674; x_wconf 84' lang='lat' dir='ltr'>pe-</span> 
     </span>
     <span class='ocr_line' id='line_1_8' title="bbox 192 689 1733 752; baseline 0.005 -21"><span class='ocrx_word' id='word_1_62' title='bbox 192 689 309 733; x_wconf 90' lang='lat' dir='ltr'>riodi</span> <span class='ocrx_word' id='word_1_63' title='bbox 332 692 533 735; x_wconf 85' lang='lat' dir='ltr'>membra</span> <span class='ocrx_word' id='word_1_64' title='bbox 552 694 833 752; x_wconf 86' lang='lat' dir='ltr'>conjungere,</span> <span class='ocrx_word' id='word_1_65' title='bbox 863 708 1086 751; x_wconf 70' lang='lat' dir='ltr'>„quor-um,</span> <span class='ocrx_word' id='word_1_66' title='bbox 1117 700 1167 739; x_wconf 90' lang='lat' dir='ltr'>ut</span> <span class='ocrx_word' id='word_1_67' title='bbox 1190 695 1436 739; x_wconf 86' lang='lat' dir='ltr'>Hermanni</span> <span class='ocrx_word' id='word_1_68' title='bbox 1453 695 1602 739; x_wconf 86' lang='lat' dir='ltr'>verbis</span> <span class='ocrx_word' id='word_1_69' title='bbox 1621 701 1733 751; x_wconf 85' lang='lat' dir='ltr'>utar,</span> 
     </span>
     <span class='ocr_line' id='line_1_9' title="bbox 190 772 1736 831; baseline 0.003 -18"><span class='ocrx_word' id='word_1_70' title='bbox 190 772 413 825; x_wconf 75' lang='lat' dir='ltr'>posterius</span> <span class='ocrx_word' id='word_1_71' title='bbox 435 774 709 828; x_wconf 77' lang='lat' dir='ltr'>primaria-m</span> <span class='ocrx_word' id='word_1_72' title='bbox 739 776 1056 820; x_wconf 74' lang='lat' dir='ltr'>enuntiationis</span> <span class='ocrx_word' id='word_1_73' title='bbox 1083 776 1315 827; x_wconf 76' lang='lat' dir='ltr'>notionem,</span> <span class='ocrx_word' id='word_1_74' title='bbox 1345 776 1476 831; x_wconf 76' lang='lat' dir='ltr'>prius</span> <span class='ocrx_word' id='word_1_75' title='bbox 1524 775 1736 823; x_wconf 76' lang='lat' dir='ltr'>secunda-</span> 
     </span>
     <span class='ocr_line' id='line_1_10' title="bbox 192 853 1735 912; baseline 0.003 -17"><span class='ocrx_word' id='word_1_76' title='bbox 192 853 308 896; x_wconf 78' lang='lat' dir='ltr'>riam</span> <span class='ocrx_word' id='word_1_77' title='bbox 339 854 553 906; x_wconf 78' lang='lat' dir='ltr'>continet,</span> <span class='ocrx_word' id='word_1_78' title='bbox 585 855 683 898; x_wconf 74' lang='lat' dir='ltr'>ideo</span> <span class='ocrx_word' id='word_1_79' title='bbox 710 856 1032 910; x_wconf 77' lang='lat' dir='ltr'>praemissum,</span> <span class='ocrx_word' id='word_1_80' title='bbox 1065 869 1149 911; x_wconf 78' lang='lat' dir='ltr'>quo</span> <span class='ocrx_word' id='word_1_81' title='bbox 1181 856 1320 912; x_wconf 71' lang='lat' dir='ltr'>mayis</span> <span class='ocrx_word' id='word_1_82' title='bbox 1341 869 1428 911; x_wconf 76' lang='lat' dir='ltr'>per</span> <span class='ocrx_word' id='word_1_83' title='bbox 1457 855 1571 899; x_wconf 78' lang='lat' dir='ltr'>hanc</span> <span class='ocrx_word' id='word_1_84' title='bbox 1602 869 1735 910; x_wconf 74' lang='lat' dir='ltr'>oppo-</span> 
     </span>
     <span class='ocr_line' id='line_1_11' title="bbox 191 928 1798 991; baseline 0.001 -15"><span class='ocrx_word' id='word_1_85' title='bbox 191 934 393 977; x_wconf 78' lang='lat' dir='ltr'>sitionem</span> <span class='ocrx_word' id='word_1_86' title='bbox 416 936 688 989; x_wconf 71' lang='lat' dir='ltr'>primariam</span> <span class='ocrx_word' id='word_1_87' title='bbox 708 936 927 979; x_wconf 67' lang='lat' dir='ltr'>notionem</span> <span class='ocrx_word' id='word_1_88' title='bbox 935 935 1168 991; x_wconf 70' lang='lat' dir='ltr'>percipias</span> <span class='ocrx_word' id='word_1_89' title='bbox 1184 940 1226 979; x_wconf 81' lang='lat' dir='ltr'>et</span> <span class='ocrx_word' id='word_1_90' title='bbox 1238 935 1761 991; x_wconf 50' lang='lat' dir='ltr'>persentiscasffiidem·</span> <span class='ocrx_word' id='word_1_91' title='bbox 1796 928 1798 930; x_wconf 61' lang='grc'><strong>’</strong></span> 
     </span>
     <span class='ocr_line' id='line_1_12' title="bbox 192 1015 1739 1075; baseline 0 -18"><span class='ocrx_word' id='word_1_92' title='bbox 192 1029 295 1057; x_wconf 88' lang='lat' dir='ltr'>usus</span> <span class='ocrx_word' id='word_1_93' title='bbox 337 1015 457 1073; x_wconf 88' lang='lat' dir='ltr'>apud</span> <span class='ocrx_word' id='word_1_94' title='bbox 496 1015 679 1060; x_wconf 87' lang='lat' dir='ltr'>Latinos</span> <span class='ocrx_word' id='word_1_95' title='bbox 709 1021 873 1071; x_wconf 83' lang='lat' dir='ltr'>exstat,</span> <span class='ocrx_word' id='word_1_96' title='bbox 915 1021 965 1060; x_wconf 90' lang='lat' dir='ltr'>ut</span> <span class='ocrx_word' id='word_1_97' title='bbox 993 1016 1209 1075; x_wconf 83' lang='lat' dir='ltr'>exemplis</span> <span class='ocrx_word' id='word_1_98' title='bbox 1253 1015 1553 1075; x_wconf 87' lang='lat' dir='ltr'>probaverunt</span> <span class='ocrx_word' id='word_1_99' title='bbox 1582 1016 1739 1060; x_wconf 83' lang='lat' dir='ltr'>Herm.</span> 
     </span>
     <span class='ocr_line' id='line_1_13' title="bbox 192 1095 1736 1154; baseline 0.002 -17"><span class='ocrx_word' id='word_1_100' title='bbox 192 1095 219 1137; x_wconf 88' lang='lat'>1.</span> <span class='ocrx_word' id='word_1_101' title='bbox 251 1111 289 1139; x_wconf 93' lang='lat' dir='ltr'>c.</span> <span class='ocrx_word' id='word_1_102' title='bbox 323 1111 365 1153; x_wconf 91' lang='lat' dir='ltr'>p.</span> <span class='ocrx_word' id='word_1_103' title='bbox 404 1096 469 1139; x_wconf 92' lang='lat'>10.</span> <span class='ocrx_word' id='word_1_104' title='bbox 501 1111 595 1154; x_wconf 85' lang='lat' dir='ltr'>sqq.</span> <span class='ocrx_word' id='word_1_105' title='bbox 625 1096 859 1140; x_wconf 70' lang='lat' dir='ltr'>Heindorf.</span> <span class='ocrx_word' id='word_1_106' title='bbox 906 1096 964 1139; x_wconf 89' lang='lat' dir='ltr'>ad</span> <span class='ocrx_word' id='word_1_107' title='bbox 1006 1096 1118 1140; x_wconf 91' lang='lat' dir='ltr'>Hor.</span> <span class='ocrx_word' id='word_1_108' title='bbox 1161 1096 1250 1141; x_wconf 86' lang='lat' dir='ltr'>Sat.-</span> <span class='ocrx_word' id='word_1_109' title='bbox 1278 1097 1338 1140; x_wconf 92' lang='lat' dir='ltr'>II.</span> <span class='ocrx_word' id='word_1_110' title='bbox 1366 1097 1427 1140; x_wconf 84' lang='lat'>-7.</span> <span class='ocrx_word' id='word_1_111' title='bbox 1469 1097 1567 1140; x_wconf 84' lang='lat'>109.</span> <span class='ocrx_word' id='word_1_112' title='bbox 1605 1097 1736 1140; x_wconf 85' lang='lat' dir='ltr'>Prius</span> 
     </span>
     <span class='ocr_line' id='line_1_14' title="bbox 191 1174 1733 1234; baseline 0.001 -17"><span class='ocrx_word' id='word_1_113' title='bbox 191 1174 301 1218; x_wconf 85' lang='lat' dir='ltr'>illud</span> <span class='ocrx_word' id='word_1_114' title='bbox 331 1175 592 1232; x_wconf 86' lang='lat' dir='ltr'>membrum,</span> <span class='ocrx_word' id='word_1_115' title='bbox 638 1176 758 1234; x_wconf 90' lang='lat' dir='ltr'>quod</span> <span class='ocrx_word' id='word_1_116' title='bbox 791 1191 872 1234; x_wconf 85' lang='lat' dir='ltr'>per</span> <span class='ocrx_word' id='word_1_117' title='bbox 900 1176 1162 1234; x_wconf 82' lang='lat' dir='ltr'>particulam</span> <span class='ocrx_word' id='word_1_118' title='bbox 1191 1177 1276 1231; x_wconf 81' lang='grc' dir='ltr'>μέν</span> <span class='ocrx_word' id='word_1_119' title='bbox 1304 1176 1542 1231; x_wconf 83' lang='lat' dir='ltr'>inducitur,</span> <span class='ocrx_word' id='word_1_120' title='bbox 1571 1175 1733 1219; x_wconf 82' lang='lat' dir='ltr'>talibus</span> 
     </span>
     <span class='ocr_line' id='line_1_15' title="bbox 190 1254 1735 1316; baseline 0.001 -18"><span class='ocrx_word' id='word_1_121' title='bbox 190 1254 299 1298; x_wconf 85' lang='lat' dir='ltr'>locis</span> <span class='ocrx_word' id='word_1_122' title='bbox 329 1257 615 1312; x_wconf 82' lang='lat' dir='ltr'>grammatice</span> <span class='ocrx_word' id='word_1_123' title='bbox 642 1255 689 1300; x_wconf 88' lang='lat' dir='ltr'>in</span> <span class='ocrx_word' id='word_1_124' title='bbox 719 1256 875 1300; x_wconf 88' lang='lat' dir='ltr'>eodem</span> <span class='ocrx_word' id='word_1_125' title='bbox 892 1256 1046 1300; x_wconf 89' lang='lat' dir='ltr'>ordine</span> <span class='ocrx_word' id='word_1_126' title='bbox 1076 1257 1267 1316; x_wconf 89' lang='lat' dir='ltr'>positum</span> <span class='ocrx_word' id='word_1_127' title='bbox 1299 1262 1376 1314; x_wconf 86' lang='lat' dir='ltr'>est,</span> <span class='ocrx_word' id='word_1_128' title='bbox 1407 1257 1454 1299; x_wconf 88' lang='lat' dir='ltr'>in</span> <span class='ocrx_word' id='word_1_129' title='bbox 1485 1271 1571 1315; x_wconf 91' lang='lat' dir='ltr'>quo</span> <span class='ocrx_word' id='word_1_130' title='bbox 1602 1270 1735 1299; x_wconf 90' lang='lat' dir='ltr'>mem-</span> 
     </span>
     <span class='ocr_line' id='line_1_16' title="bbox 190 1336 1732 1395; baseline 0 -16"><span class='ocrx_word' id='word_1_131' title='bbox 190 1336 323 1379; x_wconf 86' lang='lat' dir='ltr'>brum</span> <span class='ocrx_word' id='word_1_132' title='bbox 353 1352 539 1394; x_wconf 85' lang='lat' dir='ltr'>sequens</span> <span class='ocrx_word' id='word_1_133' title='bbox 558 1338 689 1395; x_wconf 59' lang='lat' dir='ltr'>&gt;quod</span> <span class='ocrx_word' id='word_1_134' title='bbox 719 1343 785 1381; x_wconf 87' lang='lat' dir='ltr'>est</span> <span class='ocrx_word' id='word_1_135' title='bbox 814 1338 1074 1395; x_wconf 86' lang='lat' dir='ltr'>primarium</span> <span class='ocrx_word' id='word_1_136' title='bbox 1120 1353 1254 1395; x_wconf 89' lang='lat' dir='ltr'>quum</span> <span class='ocrx_word' id='word_1_137' title='bbox 1299 1352 1381 1395; x_wconf 90' lang='lat' dir='ltr'>per</span> <span class='ocrx_word' id='word_1_138' title='bbox 1421 1337 1632 1392; x_wconf 81' lang='lat' dir='ltr'>rationem</span> <span class='ocrx_word' id='word_1_139' title='bbox 1674 1336 1732 1379; x_wconf 90' lang='lat' dir='ltr'>lo-</span> 
     </span>
    </p>
   </div>
   <div class='ocr_carea' id='block_1_3' title="bbox 190 1416 1815 1476">
    <p class='ocr_par' dir='ltr' id='par_1_3' title="bbox 190 1416 1815 1476">
     <span class='ocr_line' id='line_1_17' title="bbox 190 1416 1815 1476; baseline -0.001 -16"><span class='ocrx_word' id='word_1_140' title='bbox 190 1417 336 1474; x_wconf 89' lang='lat' dir='ltr'>gicam</span> <span class='ocrx_word' id='word_1_141' title='bbox 364 1432 452 1460; x_wconf 92' lang='lat' dir='ltr'>non</span> <span class='ocrx_word' id='word_1_142' title='bbox 483 1416 800 1472; x_wconf 89' lang='lat' dir='ltr'>coordinatum,</span> <span class='ocrx_word' id='word_1_143' title='bbox 829 1416 909 1460; x_wconf 90' lang='lat' dir='ltr'>sed</span> <span class='ocrx_word' id='word_1_144' title='bbox 939 1416 1274 1461; x_wconf 79' lang='lat' dir='ltr'>subordinatum</span> <span class='ocrx_word' id='word_1_145' title='bbox 1308 1431 1413 1460; x_wconf 64' lang='lat' dir='ltr'>vesse</span> <span class='ocrx_word' id='word_1_146' title='bbox 1447 1416 1627 1472; x_wconf 88' lang='lat' dir='ltr'>debeat,</span> <span class='ocrx_word' id='word_1_147' title='bbox 1671 1416 1734 1459; x_wconf 88' lang='lat' dir='ltr'>ita</span> <span class='ocrx_word' id='word_1_148' title='bbox 1809 1471 1815 1476; x_wconf 89' lang='lat'>.</span> 
     </span>
    </p>
   </div>
   <div class='ocr_carea' id='block_1_4' title="bbox 174 1496 1738 2841">
    <p class='ocr_par' dir='ltr' id='par_1_4' title="bbox 174 1496 1738 2841">
     <span class='ocr_line' id='line_1_18' title="bbox 189 1496 1735 1555; baseline 0.001 -17"><span class='ocrx_word' id='word_1_149' title='bbox 189 1501 239 1539; x_wconf 88' lang='lat' dir='ltr'>ut</span> <span class='ocrx_word' id='word_1_150' title='bbox 268 1497 596 1540; x_wconf 82' lang='lat' dir='ltr'>enuntiatorum</span> <span class='ocrx_word' id='word_1_151' title='bbox 624 1498 737 1541; x_wconf 85' lang='lat' dir='ltr'>ratio</span> <span class='ocrx_word' id='word_1_152' title='bbox 768 1502 991 1555; x_wconf 81' lang='lat' dir='ltr'>appareat,</span> <span class='ocrx_word' id='word_1_153' title='bbox 1021 1498 1058 1539; x_wconf 88' lang='lat' dir='ltr'>si</span> <span class='ocrx_word' id='word_1_154' title='bbox 1088 1497 1211 1555; x_wconf 88' lang='lat' dir='ltr'>prius</span> <span class='ocrx_word' id='word_1_155' title='bbox 1241 1496 1487 1540; x_wconf 87' lang='lat' dir='ltr'>membrum</span> <span class='ocrx_word' id='word_1_156' title='bbox 1526 1512 1611 1554; x_wconf 89' lang='lat' dir='ltr'>per</span> <span class='ocrx_word' id='word_1_157' title='bbox 1637 1511 1735 1554; x_wconf 87' lang='lat' dir='ltr'>par-</span> 
     </span>
     <span class='ocr_line' id='line_1_19' title="bbox 189 1575 1734 1636; baseline 0 -17"><span class='ocrx_word' id='word_1_158' title='bbox 189 1575 368 1620; x_wconf 88' lang='lat' dir='ltr'>ticulam</span> <span class='ocrx_word' id='word_1_159' title='bbox 410 1591 539 1633; x_wconf 75' lang='lat' dir='ltr'>quum</span> <span class='ocrx_word' id='word_1_160' title='bbox 581 1578 831 1636; x_wconf 76' lang='lat' dir='ltr'>subjungis,</span> <span class='ocrx_word' id='word_1_161' title='bbox 890 1577 1076 1622; x_wconf 84' lang='lat' dir='ltr'>alterum</span> <span class='ocrx_word' id='word_1_162' title='bbox 1127 1592 1209 1635; x_wconf 88' lang='lat' dir='ltr'>per</span> <span class='ocrx_word' id='word_1_163' title='bbox 1260 1581 1404 1621; x_wconf 78' lang='lat' dir='ltr'>tamen</span> <span class='ocrx_word' id='word_1_164' title='bbox 1454 1575 1602 1628; x_wconf 79' lang='lat' dir='ltr'>infers.</span> <span class='ocrx_word' id='word_1_165' title='bbox 1663 1576 1734 1632; x_wconf 86' lang='lat' dir='ltr'>(cf.</span> 
     </span>
     <span class='ocr_line' id='line_1_20' title="bbox 174 1656 1733 1715; baseline 0.001 -16"><span class='ocrx_word' id='word_1_166' title='bbox 174 1656 486 1702; x_wconf 85' lang='lat' dir='ltr'>Breitenbach</span> <span class='ocrx_word' id='word_1_167' title='bbox 516 1658 575 1702; x_wconf 86' lang='lat' dir='ltr'>ad</span> <span class='ocrx_word' id='word_1_168' title='bbox 606 1659 722 1702; x_wconf 92' lang='lat' dir='ltr'>Xen.</span> <span class='ocrx_word' id='word_1_169' title='bbox 755 1658 870 1702; x_wconf 89' lang='lat' dir='ltr'>Hell.</span> <span class='ocrx_word' id='word_1_170' title='bbox 905 1658 961 1702; x_wconf 90' lang='lat' dir='ltr'>V.</span> <span class='ocrx_word' id='word_1_171' title='bbox 992 1659 1035 1702; x_wconf 84' lang='lat'>2.</span> <span class='ocrx_word' id='word_1_172' title='bbox 1072 1658 1155 1715; x_wconf 77' lang='lat'>16).</span> <span class='ocrx_word' id='word_1_173' title='bbox 1215 1658 1280 1701; x_wconf 69' lang='lat' dir='ltr'>In·</span> <span class='ocrx_word' id='word_1_174' title='bbox 1299 1657 1377 1701; x_wconf 85' lang='lat' dir='ltr'>tali</span> <span class='ocrx_word' id='word_1_175' title='bbox 1409 1658 1733 1701; x_wconf 87' lang='lat' dir='ltr'>enuntiatorum</span> 
     </span>
     <span class='ocr_line' id='line_1_21' title="bbox 190 1736 1733 1797; baseline 0 -17"><span class='ocrx_word' id='word_1_176' title='bbox 190 1739 495 1797; x_wconf 88' lang='lat' dir='ltr'>conjunctione</span> <span class='ocrx_word' id='word_1_177' title='bbox 526 1752 741 1783; x_wconf 85' lang='lat' dir='ltr'>summam</span> <span class='ocrx_word' id='word_1_178' title='bbox 773 1755 867 1783; x_wconf 86' lang='lat' dir='ltr'>esse</span> <span class='ocrx_word' id='word_1_179' title='bbox 897 1754 1025 1797; x_wconf 86' lang='lat' dir='ltr'>posse</span> <span class='ocrx_word' id='word_1_180' title='bbox 1041 1739 1314 1782; x_wconf 17' lang='lat' dir='ltr'>,varietatem</span> <span class='ocrx_word' id='word_1_181' title='bbox 1344 1743 1539 1796; x_wconf 84' lang='lat' dir='ltr'>apparet,</span> <span class='ocrx_word' id='word_1_182' title='bbox 1569 1736 1733 1780; x_wconf 87' lang='lat' dir='ltr'>Aristo·</span> 
     </span>
     <span class='ocr_line' id='line_1_22' title="bbox 189 1816 1732 1877; baseline -0.001 -16"><span class='ocrx_word' id='word_1_183' title='bbox 189 1819 358 1876; x_wconf 87' lang='lat' dir='ltr'>phanes</span> <span class='ocrx_word' id='word_1_184' title='bbox 388 1833 442 1861; x_wconf 89' lang='lat' dir='ltr'>ea</span> <span class='ocrx_word' id='word_1_185' title='bbox 471 1819 793 1877; x_wconf 84' lang='lat' dir='ltr'>simplicissima</span> <span class='ocrx_word' id='word_1_186' title='bbox 813 1820 983 1861; x_wconf 87' lang='lat' dir='ltr'>ratione</span> <span class='ocrx_word' id='word_1_187' title='bbox 1014 1834 1117 1861; x_wconf 87' lang='lat' dir='ltr'>usus</span> <span class='ocrx_word' id='word_1_188' title='bbox 1139 1824 1215 1873; x_wconf 83' lang='lat' dir='ltr'>est,</span> <span class='ocrx_word' id='word_1_189' title='bbox 1244 1818 1307 1860; x_wconf 86' lang='lat' dir='ltr'>ita</span> <span class='ocrx_word' id='word_1_190' title='bbox 1334 1816 1604 1860; x_wconf 75' lang='lat' dir='ltr'>utmembra</span> <span class='ocrx_word' id='word_1_191' title='bbox 1621 1830 1732 1874; x_wconf 86' lang='lat' dir='ltr'>quae</span> 
     </span>
     <span class='ocr_line' id='line_1_23' title="bbox 189 1895 1732 1958; baseline -0.003 -16"><span class='ocrx_word' id='word_1_192' title='bbox 189 1914 272 1957; x_wconf 90' lang='lat' dir='ltr'>per</span> <span class='ocrx_word' id='word_1_193' title='bbox 299 1914 346 1942; x_wconf 89' lang='lat' dir='ltr'>se</span> <span class='ocrx_word' id='word_1_194' title='bbox 377 1901 577 1943; x_wconf 84' lang='lat' dir='ltr'>constant</span> <span class='ocrx_word' id='word_1_195' title='bbox 606 1899 692 1943; x_wconf 82' lang='lat' dir='ltr'>sibi</span> <span class='ocrx_word' id='word_1_196' title='bbox 722 1915 804 1958; x_wconf 88' lang='lat' dir='ltr'>per</span> <span class='ocrx_word' id='word_1_197' title='bbox 832 1900 916 1953; x_wconf 81' lang='grc' dir='ltr'>μέν</span> <span class='ocrx_word' id='word_1_198' title='bbox 946 1905 997 1942; x_wconf 74' lang='lat' dir='ltr'>etv</span> <span class='ocrx_word' id='word_1_199' title='bbox 1021 1897 1073 1940; x_wconf 80' lang='grc' dir='ltr'>δέ</span> <span class='ocrx_word' id='word_1_200' title='bbox 1101 1903 1305 1956; x_wconf 86' lang='lat' dir='ltr'>opponat,</span> <span class='ocrx_word' id='word_1_201' title='bbox 1358 1912 1445 1940; x_wconf 88' lang='lat' dir='ltr'>non</span> <span class='ocrx_word' id='word_1_202' title='bbox 1483 1895 1732 1954; x_wconf 80' lang='lat' dir='ltr'>subjungat.</span> 
     </span>
     <span class='ocr_line' id='line_1_24' title="bbox 190 1976 1734 2034; baseline -0.003 -11"><span class='ocrx_word' id='word_1_203' title='bbox 190 1978 292 2034; x_wconf 79' lang='lat' dir='ltr'>Qua</span> <span class='ocrx_word' id='word_1_204' title='bbox 323 1977 379 2022; x_wconf 90' lang='lat' dir='ltr'>de</span> <span class='ocrx_word' id='word_1_205' title='bbox 408 1993 563 2023; x_wconf 81' lang='lat' dir='ltr'>caussa</span> <span class='ocrx_word' id='word_1_206' title='bbox 592 1978 666 2023; x_wconf 94' lang='lat' dir='ltr'>hic</span> <span class='ocrx_word' id='word_1_207' title='bbox 695 1979 816 2024; x_wconf 90' lang='lat' dir='ltr'>locos</span> <span class='ocrx_word' id='word_1_208' title='bbox 846 1993 1122 2024; x_wconf 84' lang='lat' dir='ltr'>enumerasse</span> <span class='ocrx_word' id='word_1_209' title='bbox 1153 1977 1358 2022; x_wconf 84' lang='lat' dir='ltr'>sufficiat.</span> <span class='ocrx_word' id='word_1_210' title='bbox 1390 1976 1620 2020; x_wconf 85' lang='lat' dir='ltr'>Invenitur</span> <span class='ocrx_word' id='word_1_211' title='bbox 1653 1976 1734 2033; x_wconf 85' lang='lat' dir='ltr'>igi·</span> 
     </span>
     <span class='ocr_line' id='line_1_25' title="bbox 188 2056 1738 2120; baseline -0.002 -17"><span class='ocrx_word' id='word_1_212' title='bbox 188 2066 261 2104; x_wconf 87' lang='lat' dir='ltr'>tur</span> <span class='ocrx_word' id='word_1_213' title='bbox 288 2066 510 2105; x_wconf 86' lang='lat' dir='ltr'>structura</span> <span class='ocrx_word' id='word_1_214' title='bbox 539 2061 839 2120; x_wconf 84' lang='lat' dir='ltr'>paratactica:</span> <span class='ocrx_word' id='word_1_215' title='bbox 867 2058 980 2103; x_wconf 89' lang='lat' dir='ltr'>Ach.</span> <span class='ocrx_word' id='word_1_216' title='bbox 1012 2058 1115 2103; x_wconf 82' lang='lat'>305.</span> <span class='ocrx_word' id='word_1_217' title='bbox 1143 2058 1245 2103; x_wconf 83' lang='lat'>353.</span> <span class='ocrx_word' id='word_1_218' title='bbox 1274 2056 1356 2115; x_wconf 89' lang='lat' dir='ltr'>Eq.</span> <span class='ocrx_word' id='word_1_219' title='bbox 1382 2056 1486 2100; x_wconf 83' lang='lat'>157.</span> <span class='ocrx_word' id='word_1_220' title='bbox 1516 2056 1605 2100; x_wconf 88' lang='grc'>465</span> <span class='ocrx_word' id='word_1_221' title='bbox 1635 2056 1738 2115; x_wconf 86' lang='lat' dir='ltr'>(quo-</span> 
     </span>
     <span class='ocr_line' id='line_1_26' title="bbox 188 2135 1730 2199; baseline -0.002 -15"><span class='ocrx_word' id='word_1_222' title='bbox 188 2140 436 2184; x_wconf 78' lang='lat' dir='ltr'>versu-sibi</span> <span class='ocrx_word' id='word_1_223' title='bbox 465 2140 734 2199; x_wconf 88' lang='lat' dir='ltr'>respondent</span> <span class='ocrx_word' id='word_1_224' title='bbox 762 2138 988 2196; x_wconf 71' lang='grc' dir='ltr'><strong><em>πρόφασιι</em></strong></span> <span class='ocrx_word' id='word_1_225' title='bbox 1022 2140 1111 2193; x_wconf 74' lang='grc' dir='ltr'>μὲν.</span> <span class='ocrx_word' id='word_1_226' title='bbox 1135 2163 1193 2171; x_wconf 90' lang='lat'>—-</span> <span class='ocrx_word' id='word_1_227' title='bbox 1223 2135 1329 2179; x_wconf 67' lang='lat' dir='ltr'>tota·</span> <span class='ocrx_word' id='word_1_228' title='bbox 1348 2135 1401 2179; x_wconf 77' lang='grc' dir='ltr'>δέ</span> <span class='ocrx_word' id='word_1_229' title='bbox 1429 2136 1483 2179; x_wconf 85' lang='lat' dir='ltr'>cf.</span> <span class='ocrx_word' id='word_1_230' title='bbox 1513 2136 1660 2182; x_wconf 87' lang='lat' dir='ltr'>Kock.</span> <span class='ocrx_word' id='word_1_231' title='bbox 1690 2152 1730 2181; x_wconf 85' lang='lat' dir='ltr'>a.</span> 
     </span>
     <span class='ocr_line' id='line_1_27' title="bbox 188 2214 1731 2278; baseline -0.003 -17"><span class='ocrx_word' id='word_1_232' title='bbox 188 2219 289 2264; x_wconf 78' lang='lat' dir='ltr'>h..l.</span> <span class='ocrx_word' id='word_1_233' title='bbox 325 2235 461 2277; x_wconf 90' lang='lat' dir='ltr'>quum</span> <span class='ocrx_word' id='word_1_234' title='bbox 490 2220 625 2278; x_wconf 82' lang='lat' dir='ltr'>vulgo</span> <span class='ocrx_word' id='word_1_235' title='bbox 655 2220 741 2264; x_wconf 88' lang='lat' dir='ltr'>sibi</span> <span class='ocrx_word' id='word_1_236' title='bbox 763 2224 1052 2278; x_wconf 76' lang='lat' dir='ltr'>opponantur</span> <span class='ocrx_word' id='word_1_237' title='bbox 1071 2219 1303 2274; x_wconf 69' lang='grc' dir='ltr'><strong><em>πρόφασιν</em></strong></span> <span class='ocrx_word' id='word_1_238' title='bbox 1333 2218 1417 2270; x_wconf 76' lang='grc' dir='ltr'>μὲν</span> <span class='ocrx_word' id='word_1_239' title='bbox 1443 2240 1496 2249; x_wconf 91' lang='grc'><strong>-</strong></span> <span class='ocrx_word' id='word_1_240' title='bbox 1518 2214 1731 2273; x_wconf 73' lang='grc' dir='ltr'><strong><em>τὸδόἷλή-</em></strong></span> 
     </span>
     <span class='ocr_line' id='line_1_28' title="bbox 189 2295 1733 2358; baseline -0.002 -17"><span class='ocrx_word' id='word_1_241' title='bbox 189 2300 283 2350; x_wconf 73' lang='grc' dir='ltr'><strong>θες.</strong></span> <span class='ocrx_word' id='word_1_242' title='bbox 344 2300 446 2357; x_wconf 86' lang='lat' dir='ltr'>Lys.</span> <span class='ocrx_word' id='word_1_243' title='bbox 480 2300 582 2345; x_wconf 86' lang='lat' dir='ltr'>adv.</span> <span class='ocrx_word' id='word_1_244' title='bbox 612 2300 756 2358; x_wconf 90' lang='lat' dir='ltr'>Agor.</span> <span class='ocrx_word' id='word_1_245' title='bbox 789 2300 859 2343; x_wconf 83' lang='lat'>12.</span> <span class='ocrx_word' id='word_1_246' title='bbox 890 2299 1034 2343; x_wconf 84' lang='lat' dir='ltr'>Thuc.</span> <span class='ocrx_word' id='word_1_247' title='bbox 1069 2297 1143 2341; x_wconf 92' lang='lat' dir='ltr'>VI.</span> <span class='ocrx_word' id='word_1_248' title='bbox 1172 2297 1263 2355; x_wconf 81' lang='lat'>33.)</span> <span class='ocrx_word' id='word_1_249' title='bbox 1294 2297 1372 2341; x_wconf 61' lang='lat' dir='ltr'>ib..</span> <span class='ocrx_word' id='word_1_250' title='bbox 1394 2296 1625 2351; x_wconf 50' lang='lat'>7121738,</span> <span class='ocrx_word' id='word_1_251' title='bbox 1647 2295 1733 2338; x_wconf 25' lang='lat' dir='ltr'>*ubi</span> 
     </span>
     <span class='ocr_line' id='line_1_29' title="bbox 187 2376 1732 2435; baseline -0.005 -11"><span class='ocrx_word' id='word_1_252' title='bbox 187 2386 308 2424; x_wconf 87' lang='lat' dir='ltr'>recte</span> <span class='ocrx_word' id='word_1_253' title='bbox 353 2382 545 2424; x_wconf 88' lang='lat' dir='ltr'>restituit</span> <span class='ocrx_word' id='word_1_254' title='bbox 584 2380 798 2430; x_wconf 73' lang='grc' dir='ltr'><strong><em>ἐπιδιδιός</em></strong></span> <span class='ocrx_word' id='word_1_255' title='bbox 846 2378 1003 2424; x_wconf 86' lang='lat' dir='ltr'>Cobet.</span> <span class='ocrx_word' id='word_1_256' title='bbox 1043 2377 1100 2422; x_wconf 87' lang='lat' dir='ltr'>ad</span> <span class='ocrx_word' id='word_1_257' title='bbox 1146 2376 1360 2435; x_wconf 65' lang='lat' dir='ltr'>Hyper-id.</span> <span class='ocrx_word' id='word_1_258' title='bbox 1402 2376 1523 2434; x_wconf 74' lang='lat' dir='ltr'>Epit.</span> <span class='ocrx_word' id='word_1_259' title='bbox 1564 2391 1609 2434; x_wconf 89' lang='lat' dir='ltr'>p.</span> <span class='ocrx_word' id='word_1_260' title='bbox 1656 2376 1732 2432; x_wconf 77' lang='lat'>123</span> 
     </span>
     <span class='ocr_line' id='line_1_30' title="bbox 190 2455 1731 2513; baseline -0.004 -9"><span class='ocrx_word' id='word_1_261' title='bbox 190 2461 289 2504; x_wconf 84' lang='lat'>753.</span> <span class='ocrx_word' id='word_1_262' title='bbox 324 2460 427 2504; x_wconf 84' lang='lat'>802.</span> <span class='ocrx_word' id='word_1_263' title='bbox 463 2461 565 2504; x_wconf 82' lang='lat'>929.</span> <span class='ocrx_word' id='word_1_264' title='bbox 599 2462 728 2504; x_wconf 87' lang='grc'><strong>1222.</strong></span> <span class='ocrx_word' id='word_1_265' title='bbox 760 2460 878 2505; x_wconf 87' lang='lat' dir='ltr'>Nub.</span> <span class='ocrx_word' id='word_1_266' title='bbox 899 2460 970 2503; x_wconf 87' lang='lat'>63.</span> <span class='ocrx_word' id='word_1_267' title='bbox 986 2458 1088 2502; x_wconf 74' lang='grc'><strong>484.</strong></span> <span class='ocrx_word' id='word_1_268' title='bbox 1108 2458 1236 2501; x_wconf 79' lang='lat'>1293.</span> <span class='ocrx_word' id='word_1_269' title='bbox 1272 2457 1399 2499; x_wconf 88' lang='lat'>1413.</span> <span class='ocrx_word' id='word_1_270' title='bbox 1436 2456 1563 2499; x_wconf 85' lang='lat'>1434.</span> <span class='ocrx_word' id='word_1_271' title='bbox 1595 2455 1731 2513; x_wconf 89' lang='lat' dir='ltr'>Vesp.</span> 
     </span>
     <span class='ocr_line' id='line_1_31' title="bbox 192 2537 1731 2594; baseline -0.004 -10"><span class='ocrx_word' id='word_1_272' title='bbox 192 2541 294 2585; x_wconf 85' lang='lat'>669.</span> <span class='ocrx_word' id='word_1_273' title='bbox 327 2542 431 2585; x_wconf 88' lang='grc'><strong>682.</strong></span> <span class='ocrx_word' id='word_1_274' title='bbox 464 2541 570 2586; x_wconf 83' lang='grc'><strong>715..</strong></span> <span class='ocrx_word' id='word_1_275' title='bbox 598 2541 700 2585; x_wconf 85' lang='lat'>950.</span> <span class='ocrx_word' id='word_1_276' title='bbox 732 2541 838 2585; x_wconf 89' lang='lat' dir='ltr'>Pac.</span> <span class='ocrx_word' id='word_1_277' title='bbox 885 2540 989 2583; x_wconf 74' lang='grc'><strong>204.</strong></span> <span class='ocrx_word' id='word_1_278' title='bbox 1027 2538 1130 2582; x_wconf 88' lang='lat'>410.</span> <span class='ocrx_word' id='word_1_279' title='bbox 1163 2537 1263 2580; x_wconf 87' lang='grc'><strong>646.</strong></span> <span class='ocrx_word' id='word_1_280' title='bbox 1295 2537 1396 2581; x_wconf 91' lang='grc'><strong>800.</strong></span> <span class='ocrx_word' id='word_1_281' title='bbox 1432 2537 1568 2590; x_wconf 86' lang='lat'>1140;</span> <span class='ocrx_word' id='word_1_282' title='bbox 1602 2550 1731 2594; x_wconf 83' lang='lat' dir='ltr'>quem</span> 
     </span>
     <span class='ocr_line' id='line_1_32' title="bbox 188 2616 1736 2681; baseline -0.005 -16"><span class='ocrx_word' id='word_1_283' title='bbox 188 2620 332 2665; x_wconf 83' lang='lat' dir='ltr'>locum</span> <span class='ocrx_word' id='word_1_284' title='bbox 363 2623 496 2665; x_wconf 88' lang='lat' dir='ltr'>etiam</span> <span class='ocrx_word' id='word_1_285' title='bbox 527 2622 591 2665; x_wconf 88' lang='lat' dir='ltr'>ita</span> <span class='ocrx_word' id='word_1_286' title='bbox 619 2627 744 2681; x_wconf 90' lang='lat' dir='ltr'>potes</span> <span class='ocrx_word' id='word_1_287' title='bbox 774 2620 1012 2680; x_wconf 84' lang='lat' dir='ltr'>explicare,</span> <span class='ocrx_word' id='word_1_288' title='bbox 1041 2623 1092 2662; x_wconf 89' lang='lat' dir='ltr'>ut</span> <span class='ocrx_word' id='word_1_289' title='bbox 1119 2616 1736 2674; x_wconf 57' lang='lat' dir='ltr'>§magau-§vmobjectumesse</span> 
     </span>
     <span class='ocr_line' id='line_1_33' title="bbox 189 2696 1735 2761; baseline -0.004 -14"><span class='ocrx_word' id='word_1_290' title='bbox 189 2702 312 2747; x_wconf 85' lang='lat' dir='ltr'>dicas</span> <span class='ocrx_word' id='word_1_291' title='bbox 341 2703 400 2746; x_wconf 88' lang='lat' dir='ltr'>ad</span> <span class='ocrx_word' id='word_1_292' title='bbox 429 2710 663 2761; x_wconf 86' lang='lat' dir='ltr'>utrumque</span> <span class='ocrx_word' id='word_1_293' title='bbox 695 2702 892 2758; x_wconf 88' lang='lat' dir='ltr'>verbum,</span> <span class='ocrx_word' id='word_1_294' title='bbox 923 2700 1002 2759; x_wconf 89' lang='lat' dir='ltr'>(cf.</span> <span class='ocrx_word' id='word_1_295' title='bbox 1033 2699 1227 2757; x_wconf 80' lang='lat' dir='ltr'>Kriiger.</span> <span class='ocrx_word' id='word_1_296' title='bbox 1258 2697 1303 2759; x_wconf 64' lang='grc' dir='ltr'>ξ.</span> <span class='ocrx_word' id='word_1_297' title='bbox 1327 2698 1398 2742; x_wconf 93' lang='grc'><strong>60.</strong></span> <span class='ocrx_word' id='word_1_298' title='bbox 1430 2698 1493 2754; x_wconf 90' lang='lat'>4.)</span> <span class='ocrx_word' id='word_1_299' title='bbox 1502 2731 1514 2752; x_wconf 96' lang='lat'>,</span> <span class='ocrx_word' id='word_1_300' title='bbox 1544 2696 1678 2754; x_wconf 86' lang='lat' dir='ltr'>idque</span> <span class='ocrx_word' id='word_1_301' title='bbox 1709 2713 1735 2741; x_wconf 90' lang='lat' dir='ltr'>a</span> 
     </span>
     <span class='ocr_line' id='line_1_34' title="bbox 188 2775 1735 2841; baseline -0.003 -16"><span class='ocrx_word' id='word_1_302' title='bbox 188 2783 328 2827; x_wconf 86' lang='lat' dir='ltr'>verbo</span> <span class='ocrx_word' id='word_1_303' title='bbox 358 2790 500 2837; x_wconf 71' lang='grc' dir='ltr'><strong><em>τυχεῖν</em></strong></span> <span class='ocrx_word' id='word_1_304' title='bbox 529 2783 728 2841; x_wconf 84' lang='lat' dir='ltr'>pendens</span> <span class='ocrx_word' id='word_1_305' title='bbox 758 2782 915 2837; x_wconf 86' lang='lat' dir='ltr'>facias,</span> <span class='ocrx_word' id='word_1_306' title='bbox 958 2780 1009 2823; x_wconf 79' lang='grc' dir='ltr'>δέ</span> <span class='ocrx_word' id='word_1_307' title='bbox 1040 2786 1187 2825; x_wconf 89' lang='lat' dir='ltr'>autem</span> <span class='ocrx_word' id='word_1_308' title='bbox 1230 2779 1497 2838; x_wconf 80' lang='lat' dir='ltr'>pleonastice</span> <span class='ocrx_word' id='word_1_309' title='bbox 1534 2775 1735 2821; x_wconf 85' lang='lat' dir='ltr'>additum</span> 
     </span>
    </p>
   </div>
  </div>
 </body>
</html>
