1920 3109
173 216 348 261 Thesm.
380 218 471 263 630·
499 233 586 277 quo
629 217 685 261 de
729 216 832 262 loco'
871 216 1071 261 conferas
1112 215 1247 260 velim
1271 216 1394 261 Reis.
1440 215 1653 276 Oonjectt.
1687 216 1723 260 Ι.

173 315 216 358 p.
247 300 347 343 231.
378 298 513 341 Mein.
547 313 638 347 our.
669 298 778 342 crit.
809 313 853 356 p.
884 298 955 340 24.
1002 296 1315 352 manchium,
1346 294 1558 355 ῳιῑῆμτν»
1574 282 1723 354 legere

173 378 291 435 vult,
334 379 446 423 miro
491 377 622 423 modo
666 377 721 422 de
760 377 843 423 hoc
889 377 986 423 loco
1035 377 1293 423 hallucinari
1339 382 1457 422 recte
1496 377 1724 422 adnotavit

174 449 393 517 Engerus.
1105 509 1108 513 .

294 539 447 593 Restat
477 545 526 583 ut
542 539 679 583 verba
710 539 870 583 faciam
901 539 956 583 de
987 523 1204 599 particula
1233 540 1381 594 μέντοι
1398 554 1498 583 cum
1515 539 1611 583 aliis
1628 535 1744 598 par-¹

176 620 322 664 ticulis
353 621 599 678 conjuncta.
645 621 816 678 Atque,
863 626 912 664 ut
956 620 1061 663 inde
1102 615 1374 679 proficiscar,
1421 616 1539 661 α’λλοὶ
1579 621 1726 675 μέντοι

177 699 232 743 de
266 715 354 759 qua
383 700 702 759 particularum
734 701 1042 760 conjunctione
1074 700 1216 745 verba
1244 688 1362 745 ¹fecit
1386 700 1529 751 Klotz.
1562 701 1620 745 ad
1638 701 1722 744 De·

175 796 270 825 var.
301 780 359 824 ΙΙ.
393 781 461 826 60.
495 781 594 827 663.
627 797 714 826 uno
745 787 915 826 tantum
945 781 1042 826 loco
1073 782 1298 826 invenitur
1322 781 1405 826 Av.
1438 782 1524 826 291
1558 782 1636 829 ubi
1667 782 1725 827 le·

176 869 342 921 guntur
381 862 482 907 illae
525 864 768 922 particulae
807 865 860 925 ‚in
905 865 1248 921 interrogatione
1304 864 1516 907 mirantis.
1591 863 1728 907 Inter-

175 944 318 1002 posito
369 943 517 1003 aliquo
566 943 783 989 vocabulo
841 945 900 988 ad
946 944 1065 1005 quod
1117 945 1310 1005 pertinet
1360 926 1578 1004 particula
1628 944 1728 999 μέν·

176 1039 263 1076 τοι,
312 1040 446 1082 quum
490 1040 571 1083 per
612 1010 732 1066 ἄλλοί
778 1027 1104 1073 enuntiatorum
1141 1026 1253 1069 ratio
1295 1025 1569 1084 exprimatur
1609 1023 1727 1068 α’λλά

181 1129 234 1136 -
268 1104 417 1159 μέντοι
462 1103 535 1164 (cf.
578 1104 711 1151 Klotz
760 1105 818 1150 ad
875 1106 993 1152 Dev.
1041 1106 1101 1151 ΙΙ.
1143 1107 1215 1151 60.
1255 1105 1373 1163 663)'
1408 1091 1587 1165 legitur
1622 1106 1729 1150 Ach.

178 1183 290 1230 710.'
359 1186 476 1230 Nub.
532 1186 659 1230 1342.
724 1186 778 1230 In
815 1186 1012 1245 ejusdem
1074 1186 1250 1232 fabulae
1306 1203 1349 1232 v.
1399 1187 1485 1232 126
1541 1186 1617 1232 ubi
1665 1186 1727 1237 le-

179 1268 298 1327 gitur
341 1265 440 1311 a'm'
485 1266 583 1316 οὐδ’
628 1267 713 1322 ἐγώ
758 1269 906 1324 μέντοι
948 1268 1020 1312 aa&
1070 1269 1288 1328 particula
1334 1271 1480 1327 magis·
1532 1268 1591 1329 ad
1629 1284 1728 1329 pro-

179 1364 348 1392 nomen>
370 1348 607 1393 referenda
645 1349 841 1406 videtur,
882 1364 1050 1408 perque
1090 1348 1200 1393 illud
1240 1354 1380 1393 totum
1421 1349 1559 1394 afficit
1599 1364 1730 1395 enun—

179 1430 347 1474 tiatum.
394 1430 534 1475 Porro
566 1432 640 1472 καὶ
668 1432 815 1485 μέντοι
846 1445 956 1475 voce
987 1430 1108 1475 nulla
1137 1412 1397 1489 interposita
1425 1430 1589 1488 legitur
1606 1430 1729 1475 Eccl.

181 1510 284 1554 509.
318 1525 405 1570 quo
435 1510 532 1555 loco
563 1512 727 1571 optime
741 1510 1028 1570 intelligimus
1055 1511 1203 1566 μέντω
1219 1510 1483 1570 particulam
1508 1510 1567 1555 ad
1588 1513 1728 1571 ipsam

184 1592 509 1636 enuntiatorum
542 1593 897 1650 conjunctionem
929 1591 1096 1650 majore
1129 1606 1229 1634 cum
1260 1591 1306 1634 vi
1347 1591 1615 1635 efferendam
1637 1596 1745 1652 'p0··

181 1671 312 1716 sitam
342 1686 449 1729 esse,
481 1681 616 1732 quum
646 1678 889 1733 sequantur
919 1688 1051 1717 voces
1082 1671 1138 1715 σύ
1175 1674 1259 1728 μὲν
1284 1697 1345 1706 —·
1374 1672 1460 1727 ἐγώ
1493 1671 1557 1716 δέ.
1589 1673 1730 1717 Inter-

181 1754 326 1812 posita
355 1753 444 1797 alia
473 1760 583 1798 voce
614 1756 693 1795 καὶ
725 1779 772 1786 -
792 1746 795 1749 ’
814 1755 962 1809 μέντοι
985 1754 1061 1811 (cf.
1080 1751 1272 1812 Kriiger.
1301 1751 1345 1815 ξ.
1363 1753 1434 1800 69.
1463 1754 1543 1813 36)
1567 1747 1730 1814 legitur

181 1834 295 1881 Ach.
324 1834 428 1892 544,
457 1850 543 1894 quo
573 1834 670 1880 loco
700 1850 782 1894 pro
811 1835 1029 1895 particula
1053 1839 1173 1893 'quae
1195 1841 1259 1878 est
1291 1837 1365 1877 καὶ
1406 1835 1591 1887 fortasse
1634 1837 1744 1896 quis·
1813 1844 1815 1846 ’

186 1922 448 1976 exspectare
478 1917 616 1977 possit
645 1914 778 1968 ἀλλὰ,
812 1930 947 1976 quum
978 1916 1300 1976 oppositionem
1345 1932 1425 1977 per
1461 1923 1562 1961 eam
1599 1918 1733 1977 parti-

184 1997 329 2041 culam
362 1997 615 2042 introducat
644 2004 787 2057 poeta.
846 1997 1072 2041 Particula
1098 1998 1248 2053 μέντω
1278 1998 1324 2041 in
1350 1996 1512 2061 talibus
1541 1999 1733 2058 primum

184 2078 301 2122 illius
317 2078 437 2137 quod
450 2077 681 2137 praecedit
690 2078 818 2122 verbi
834 2078 925 2121 vim
937 2083 1083 2136 auget,
1095 2077 1225 2122 simul
1240 2092 1346 2123 vero
1363 2078 1453 2123 vim
1468 2087 1591 2123 suam
1609 2064 1744 2124 exer-r

188 2167 258 2204 cet
276 2162 322 2204 in
353 2165 493 2204 totum
525 2161 811 2204 enuntiatum.
858 2159 959 2204 Hoc
974 2159 1071 2203 loco
1095 2158 1244 2203 media
1258 2160 1516 2219 interposita
1533 2166 1599 2205 est
1619 2162 1735 2206 inter

187 2241 403 2287 adverbia
434 2240 582 2298 κάρτα,
612 2248 656 2285 et
702 2240 898 2297 εὐθέως,
942 2255 1083 2284 sensu>
1113 2246 1234 2284 arcte
1276 2241 1532 2300 conjuncta,
1575 2236 1733 2286 eodem

186 2323 320 2369 modo
351 2329 400 2367 ut
430 2324 538 2367 Ran.
572 2338 613 2366 v.
649 2323 733 2368 166
774 2322 935 2381 legitur
964 2323 1081 2366 inter
1124 2322 1287 2376 ταχέως
1328 2328 1372 2367 et
1413 2321 1548 2366 πάνυ.
1609 2322 1735 2369 Oete-

191 2421 289 2450 rum
320 2404 396 2449 illo
429 2404 626 2448 Nubium
661 2419 794 2448 versu
827 2403 983 2447 eadem
1015 2403 1069 2447 lis
1113 2408 1272 2447 exorta
1315 2409 1381 2446 est
1423 2402 1478 2446 de
1508 2404 1738 2463 scriptura,

188 2492 232 2532 et
262 2502 397 2547 quum
431 2491 532 2530 ante
563 2485 847 2530 Dindorfium
877 2484 1103 2543 legeretur
1132 2485 1217 2540 μὲν
1245 2484 1329 2527 τᾶν
1360 2485 1492 2529 etiam
1523 2484 1606 2530 hoc
1639 2483 1751 2531 loco'

187 2575 307 2613 recte
338 2568 531 2612 restituit
576 2568 812 2625 genuinam
844 2568 1110 2626 scripturam
1146 2565 1311 2621 μέντᾶν
1340 2566 1480 2611 Kidd.
1521 2566 1579 2611 ad
1610 2566 1739 2610 Daw.v

188 2648 372 2696 Miscell.
405 2665 447 2709 p.
478 2648 582 2693 496.
612 2648 785 2704 Eodem
818 2648 950 2692 modo
982 2649 1057 2690 acal
1084 2648 1233 2702 μέντοι
1258 2648 1561 2707 interpositam
1583 2659 1737 2691 vocem

188 2732 327 2773 ταῦτα
359 2736 519 2787 urgent
560 2729 670 2773 Ach.
705 2730 820 2775 1025
853 2728 1112 2773 ubiverbis
1155 2731 1229 2770 καὶ
1272 2729 1428 2771 ταῦτα.
1449 2728 1596 2783 μέντοι
1640 2736 1737 2785 gra-

189 2812 308 2858 datio
340 2811 488 2871 aliqua
520 2797 719 2868 efficitur,
758 2825 894 2869 quum
923 2811 1112 2855 rusticus
1143 2809 1215 2853 ille
1257 2823 1346 2853 non
1379 2806 1638 2866 Dicaeopoli
1669 2823 1735 2851 re-
