1920 3109
931 74 990 122 58

181 192 429 261 stophanis,
475 200 555 246 sed
585 199 833 261 Euripidis,
851 215 995 260 quem
1024 199 1082 245 ad
1115 199 1301 245 verbum
1331 200 1629 260 transscripsit
1658 216 1727 246 co·

180 284 320 348 micus
350 298 409 327 ex
439 283 612 327 Helena
642 284 701 340 (v.
733 282 854 341 563).
914 270 1106 327 Inservit
1148 282 1223 327 illo
1253 282 1374 340 loco,
1420 289 1469 328 ut
1498 283 1563 327 rei
1595 297 1727 328 causa

178 365 260 409 hoc
292 365 468 420 addam,
498 365 717 424 particula
749 364 803 421 δή
819 364 1049 422 augendae
1081 365 1128 408 vi
1159 363 1382 423 adjectivi,
1411 364 1460 408 id
1491 365 1609 424 quod
1627 375 1725 426 nos-

178 452 313 490 trates
345 446 520 506 efficere
551 445 693 491 solent
721 461 832 490 voce
862 449 1010 502 „9ar“,
1042 462 1173 504 quam
1207 447 1452 491 versionem
1483 445 1726 505 particulae

177 527 234 585 δή
264 529 441 573 omnino
472 528 676 587 accipere
707 542 938 587 possumus
969 529 1031 571 eis
1064 527 1184 584 locis,
1218 526 1378 587 quibus
1419 527 1651 587 adjectivis
1684 534 1726 573 et

179 610 405 656 adverbiis
436 609 629 654 additur.

172 740 174 742 ,
298 690 443 744 Certis
472 691 679 747 numeris,
709 696 758 735 ut
787 690 837 734 fit
866 689 986 750 apud
1003 690 1112 735 alios
1128 691 1365 749 scriptores
1396 690 1463 749 (ci.
1493 690 1637 734 Klotz.
1668 691 1725 735 ad
1776 687 1782 693 ”

178 772 346 816 Devar.
384 771 445 816 ΙΙ.
483 772 585 829 398)
626 773 674 816 in
702 771 1013 832 Aristophanis
1064 771 1303 816 comoediis
1347 771 1404 828 δή
1441 787 1529 816 non
1572 772 1726 816 addita

176 854 340 913 legitur
370 852 611 913 particula,
669 859 822 899 contra
868 853 1070 914 pluribus
1100 853 1208 899 locis
1252 853 1526 898 indefinitam
1570 869 1725 898 vocem

177 934 317 985 πολύς
348 936 486 993 effert,
517 941 566 980 ut
596 934 713 979 Ach.
743 935 844 980 695.
887 936 974 995 Eq.
1007 936 1119 992 411,
1170 936 1304 996 Vesp.
1335 936 1435 980 980.
1473 934 1600 980 1284.
1637 934 1722 979 Av.

178 1018 278 1062 860.
340 1017 455 1061 Plut.
489 1018 576 1062 253
624 1018 820 1077 ejusque·
847 1019 969 1063 vocis
1007 1017 1324 1077 superlativum
1357 1017 1468 1062 Ran.
1511 1033 1551 1061 v.
1595 1017 1722 1062 1254.

176 1098 257 1158 (cf.
285 1098 440 1142 Stallb.
471 1098 531 1141 ad
561 1098 627 1142 Pl.
660 1097 831 1142 Phaed.
861 1114 905 1157 p.
941 1099 1025 1143 108
1045 1097 1316 1143 D.-Heindf.
1348 1097 1407 1142 ad
1422 1098 1537 1142 Xen.
1557 1097 1722 1144 Oecon.

175 1179 212 1222 Ι.
245 1179 315 1235 23,
346 1184 390 1221 et
420 1178 575 1222 eodem
609 1178 741 1222 modo
773 1178 913 1227 πολὺς
942 1178 1026 1235 ἤδη
1045 1178 1241 1222 -Heindfi
1274 1179 1333 1222 ad
1350 1179 1531 1222 Theaet.
1565 1194 1608 1239 p.
1640 1178 1719 1222 151

176 1258 259 1318 C.).
319 1258 563 1305 Adverbiis
594 1261 851 1321 saepissime
882 1260 1101 1320 particula
1133 1259 1188 1318 δή
1214 1260 1393 1305 additur
1428 1266 1472 1306 et
1501 1261 1719 1320 pronomi-

173 1341 318 1397 nibus,
348 1347 481 1400 atque
511 1342 715 1400 primum,
746 1348 796 1384 ut
825 1341 884 1384 ad
901 1341 949 1384 id
980 1347 1212 1397 transeam,
1242 1343 1417 1400 saepius
1448 1342 1610 1399 legitur
1624 1348 1723 1401 post

173 1421 360 1467 relativa
390 1428 436 1466 et
466 1421 811 1467 demonstrativa
842 1422 918 1476 (cf.
950 1422 1145 1480 Kriigeri
1177 1421 1470 1481 Sprachlehre
1499 1423 1535 1467 I.
1575 1423 1647 1467 25.
1678 1425 1718 1468 9.

176 1503 247 1559 2.).
312 1502 427 1548 Cum
458 1503 718 1561 pronomine
749 1501 934 1546 relativo
983 1501 1150 1562 duplici
1187 1502 1320 1546 modo
1362 1502 1623 1562 particulam
1664 1500 1723 1560 δή

179 1585 408 1642 conjungit
437 1582 779 1642 Aristophanes,
816 1590 949 1641 atque
980 1586 1172 1642 primum
1204 1583 1383 1642 quidem
1412 1584 1492 1637 ita,
1535 1589 1584 1627 ut
1612 1566 1721 1626 rela-

171 1664 252 1707 tivi
282 1664 428 1708 visin
458 1677 609 1708 omnes
639 1669 788 1724 partes
820 1664 1110 1721 extendatur,
1142 1664 1268 1723 cujus
1297 1679 1402 1709 usus
1433 1663 1612 1709 unicum
1656 1669 1721 1709 est

175 1747 427 1806 exemplum
460 1747 594 1805 Vesp.
629 1747 729 1790 235.

449 1827 667 1884 nezem-9⁷
701 1826 726 1869 ὅ
758 1825 810 1884 δὴ
843 1826 1005 1870 λοιπόν
1033 1828 1073 1880 7'
1104 1827 1159 1871 ἔτ’
1190 1828 1305 1871 ἐστὶν
1345 1827 1425 1870 xva.

172 1908 214 1951 h.
248 1924 285 1951 e.
319 1909 523 1952 advertito
557 1909 855 1963 quodcumque
904 1913 1124 1964 superest,
1167 1910 1229 1952 ita
1267 1909 1383 1952 enim
1426 1924 1579 1953 versus
1620 1924 1720 1954 cum

174 1990 285 2035 Rav.
321 1996 365 2035 et
393 1990 446 2034 Β.
466 1990 595 2035 codd.
628 1991 872 2035 rectissime
891 1990 1072 2049 legitur,
1106 1990 1182 2049 (cf.
1214 1991 1332 2035 Reis.
1359 1990 1576 2050 Conjectt.
1607 1992 1643 2035 1.
1675 2008 1717 2052 p.

173 2072 299 2126 231).
354 2071 534 2115 Deinde
565 2071 653 2115 alia
684 2077 750 2116 est
778 2072 891 2116 ratio
923 2071 1121 2116 locorum
1161 2071 1268 2115 Pac.
1301 2070 1402 2116 802.
1449 2072 1555 2131 Lys.
1594 2072 1717 2117 1301.
1750 2083 1752 2085 ’

175 2150 348 2196 Thesm.
394 2153 525 2195 1150.
570 2152 682 2197 Ran.
725 2153 825 2196 679.
887 2153 971 2196 His
1010 2154 1126 2197 enim
1167 2153 1274 2198 locis
1305 2151 1364 2211 δή
1398 2153 1450 2197 in
1496 2154 1719 2198 enuntiato

172 2233 359 2278 relativo
388 2235 452 2278 ita
481 2236 672 2294 positum
703 2242 784 2286 est,
812 2240 862 2280 ut
892 2235 1109 2294 significet
1138 2235 1303 2279 nemini
1333 2250 1421 2279 non
1443 2241 1593 2280 notum
1625 2244 1718 2280 esse

176 2316 295 2374 quod
328 2316 493 2360 dicitur
522 2317 590 2373 (cf.
633 2317 853 2374 Hartung.
899 2316 927 2359 l.
961 2330 999 2359 c.
1040 2317 1075 2360 I.
1111 2316 1211 2359 274.
1242 2316 1489 2360 Baumlein.
1521 2317 1640 2361 Part.
1672 2333 1716 2376 p.

174 2398 273 2443 106.
338 2398 465 2442 Rost:
497 2398 553 2442 de
583 2404 697 2458 part.
729 2395 810 2441 οὖν
839 2398 927 2457 p.2
958 2413 1001 2441 n.
1026 2397 1067 2440 2.
1100 2397 1227 2441 Goth.
1261 2398 1388 2455 Prgr.
1410 2398 1557 2454 1859),
1587 2404 1718 2458 atque

174 2481 306 2524 etiam
338 2479 418 2525 hos
448 2481 495 2524 in
524 2479 644 2524 locos
675 2479 895 2539 quadrare
928 2495 1024 2523 eam
1058 2495 1188 2538 quam
1210 2480 1440 2523 statuimus
1476 2479 1718 2538 particulae

173 2562 561 2619 significationem,
604 2567 653 2605 ut
695 2561 994 2605 manisfestum
1027 2559 1193 2620 aliquid
1226 2575 1319 2604 esse
1352 2560 1523 2619 edicat,
1570 2561 1719 2605 docuit

172 2643 377 2689 Hellerus
408 2643 567 2689 Philol.
601 2643 724 2688 VIII.
757 2644 858 2688 305.
888 2644 1019 2688 Pacis
1052 2645 1168 2688 enim
1183 2659 1314 2689 versu
1345 2644 1433 2689 802
1465 2645 1502 2688 si
1532 2643 1718 2702 legimus

870 2722 924 2769 οὗ
955 2724 1009 2783 δή

469 2807 732 2867 πικροτάτην
760 2808 853 2852 ὅπα
882 2810 1151 2866 γηρύσαντος
1169 2807 1327 2865 ,ἤκουοθ
1359 2811 1443 2849 κτλ.

1460 2927 1521 2962 w
