1920 3109
892 80 993 133 ,735

110 252 112 255 ,
172 209 332 271 nisiin:
342 206 516 263 fidibus,
528 221 661 265 quum
674 214 797 254 certa
811 207 893 272 ›lex
910 206 1206 272 quaedambex
1224 206 1553 252 comoediarum
1578 206 1732 252 ordine

176 289 305 339 *effici
313 301 406 338 :non
416 288 566 347 possit,
578 288 689 334 forte
708 302 804 339 rem
815 289 971 340 miram
985 294 1133 338 natam
1152 302 1246 339 osse
1267 286 1506 341 dicendum
1516 288 1587 333 sit.
1620 287 1731 331 Par-

190 368 325 415 ticula
343 368 509 424 μέντοι,
526 383 638 427 quae
664 383 721 412 ex
745 370 841 425 μέν,
861 368 910 411 id
927 374 994 412 est
1015 367 1115 424 μήν,
1137 368 1356 427 particula
1382 374 1427 412 et
1445 370 1511 410 τοί
1536 375 1631 411 orta
1653 361 1730 423 est,

178 449 416 507 ,utriusque
427 448 906 508 harumpartieularum
918 439 1285 507 significationem
1297 448 1491 506 exhibet,
1500 450 1562 492 ita
1572 455 1732 507 tamen,

170 535 249 587 -u't,
269 545 402 589 quum
426 530 807 588 apudHomerum
819 532 903 585 μέν
919 544 988 581 τοι,
1002 529 1174 581 duobus
1189 530 1339 573 verbis
1367 518 1633 587 inveniatur,
1663 531 1732 585 (cf.

183 611 237 659 11.
254 611 525 668 VIII.294),.
545 611 666 671 apud
682 612 862 662 >Atticos
892 618 936 656 et
963 611 1113 667 μέντρι
1144 616 1189 655 et
1219 612 1359 653 καίτοι
1391 611 1436 654 in
1468 627 1603 656 unam
1635 627 1733 657 coa-

189 691 351 736 luerint
380 707 548 736 vocem.
580 692 653 748 (cf.
675 692 864 736 Ellendt.
896 693 1007 735 Lex.
1028 692 1159 750 Soph.
1193 692 1248 735 H.
1281 708 1323 750 p.
1357 692 1428 735 79.
1457 692 1557 750 sq).
1587 693 1731 736 Utun-

188 779 262 817 tur
300 773 383 816 hac
430 772 654 836 particula*
686 773 809 816 attici
846 775 1059 817 sermonis
1111 773 1370 830 scriptores,
1412 774 1614 831 interque
1659 789 1733 820 eos

191 837 517 914 Aristophanes,
548 851 607 897 ad
638 852 884 912 augendam
902 854 1024 899 vocis
1055 859 1132 905 aut
1152 853 1367 897 enuntiati
1383 853 1614 912 cujusdam
1629 854 1732 911 vim,
1757 854 1760 858 ’

190 942 322 995 atque
353 938 420 986 ita,
444 938 634 995 quidem,
664 945 714 982 ut
741 954 847 982 mox
878 937 935 981 ad
969 938 1243 980 enuntiatum
1282 935 1549 979 antecedens
1594 936 1733 993 respi-

190 1019 279 1062 ciat
309 1019 401 1078 ejus
431 1020 520 1074 vis,
539 1035 659 1064 >mox
704 1020 849 1079 ipsum
902 1016 1210 1063 tantummodo
1247 1017 1527 1082 *enuntiatum
1568 1016 1733 1062 afficiat

187 1081 244 1144 in
261 1113 347 1171 quo
377 1099 556 1157 legitur,
589 1106 638 1144 ut
667 1101 778 1144 Ran.
800 1116 849 1143 -.v
881 1100 953 1143 61.
987 1098 1177 1143 Talibus
1210 1098 1338 1153 locis,
1370 1098 1485 1142 inter
1517 1113 1625 1156 quos
1654 1113 1729 1157 po-

178 1168 401 1225 tissimum
421 1181 680 1226 numerandi
694 1187 811 1231 sunt
841 1181 895 1236 ei,
925 1180 1084 1239 quibus
1117 1180 1163 1223 in
1179 1178 1540 1239 responsionibus
1570 1179 1732 1237 legitur

188 1258 447 1325 particula,
466 1266 604 1320 prope
616 1233 796 1307 accedit
823 1260 881 1303 ad
913 1259 1119 1303 adverbii
1162 1259 1355 1318 aliquam
1386 1259 1721 1303 similitudinem

189 1346 234 1384 et
262 1320 449 1385 orationi
478 1342 670 1399 speciem
716 1340 844 1385 addit
886 1343 953 1384 rei
994 1341 1202 1384 incertae.
1261 1342 1405 1399 Atque
1449 1346 1499 1384 ut
1538 1341 1730 1399 primum

188 1420 408 1467 eossslocos
437 1422 483 1466 in
514 1435 691 1465 censum
723 1435 888 1475 vocem,
921 1420 1000 1468 ubi
1030 1421 1179 1477 μέντοι
1215 1420 1445 1479 particula,
1476 1421 1522 1463 in
1552 1435 1730 1479 respon-

185 1502 307 1545 sione
332 1502 501 1566 posita,
533 1515 687 1547 vocem
718 1502 921 1560 aliquam
941 1507 1086 1559 auget,
1133 1507 1235 1546 ante
1265 1502 1413 1546 omnia
1441 1502 1480 1545 is
1522 1517 1626 1547 usus
1657 1507 1723 1545 est

183 1582 413 1637 notandus,
444 1598 574 1643 quem
589 1583 786 1644 sequitur
807 1582 1136 1643 Aristophanes,
1169 1588 1231 1640 ut,
1260 1583 1297 1630 si
1315 1581 1493 1654 quando
1511 1583 1608 1642 quis
1624 1596 1725 1651 cum

168 1663 477 1709 admiratione
510 1666 780 1722 interrogat,
796 1665 983 1729 alterum
1014 1664 1354 1723 respondentem
1398 1664 1548 1708 faciat
1572 1645 1727 1708 addita

150 1781 152 1783 .
185 1745 401 1805 particula
429 1746 589 1801 μέντοι.
651 1745 726 1792 Sic
749 1761 796 1794 e.
828 1761 871 1804 g.
903 1745 989 1805 Eq.
1020 1761 1062 1792 v.
1098 1745 1180 1791 168
1211 1745 1418 1804 legimus:

374 1825 489 1889 §7⁰55
520 1850 572 1877 ,-
604 1827 658 1869 σύ
686 1827 848 1882 μένωι.
890 1825 1110 1869 κὀὔδέπω
1140 1842 1189 1879 γε
1231 1828 1378 1869 πάνθ’
1409 1825 1533 1884 ὁρᾶς.

186 1905 528 1965 obstupefactus
559 1912 625 1950 est
653 1905 943 1964 Agoracritus
974 1906 1176 1951 oratione
1201 1908 1341 1964 servi,
1372 1908 1448 1967 qui
1489 1924 1588 1953 eum
1618 1924 1725 1954 mox

184 2003 331 2032 rerum
363 1987 482 2047 apud
504 1987 792 2032 Athenienses
841 2003 934 2032 esse
974 1989 1213 2047 potiturum
1247 1988 1366 2044 dicit,
1389 1987 1392 1990 ’
1412 1996 1457 2033 et
1479 2005 1614 2048 quum
1636 2006 1723 2034 non

149 2080 152 2083 ’
180 2050 423 2125 intelligat,
457 2068 700 2128 quomodo,
729 2070 903 2127 ut'ipse
932 2075 1085 2128 postea
1116 2068 1244 2125 dicit,
1286 2067 1630 2128 ἀλλαντοπώλης
1660 2072 1724 2115 ὢν

183 2147 307 2206 ἀνὴρ,
338 2149 385 2193 id
416 2157 483 2194 est
512 2142 641 2195 homo
672 2151 803 2209 frugi,
836 2150 934 2194 fieri
962 2152 1112 2210 possit,
1142 2166 1419 2210 summopere
1444 2152 1629 2196 miratus
1659 2153 1722 2197 in-

180 2235 377 2288 terrogat
402 2229 512 2284 {7⁰53
537 2231 609 2274 cui
625 2231 663 2274 si
679 2230 916 2290 respondet
938 2246 1092 2296 servus
1115 2232 1167 2275 σύ
1181 2233 1340 2288 μέντοι,
1352 2231 1480 2275 facile
1502 2231 1720 2289 intellegis

181 2327 261 2370 per
289 2311 548 2370 perticulam
578 2313 726 2367 μέντοι
757 2313 1000 2371 pronomen
1029 2330 1202 2358 summa
1230 2329 1331 2359 cum
1361 2315 1407 2357 vi
1439 2313 1610 2371 efferri,
1640 2328 1720 2358 nec

180 2391 375 2448 negabis,
405 2393 551 2448 μέντοι
572 2393 618 2437 in
645 2393 807 2438 talibus
838 2394 956 2438 idem
983 2394 1131 2439 valere
1156 2402 1287 2455 atque
1316 2394 1574 2440 Latinorum
1608 2400 1720 2439 certe

182 2470 502 2516 Germanorum
571 2476 823 2531 atlerdinys.
919 2475 1172 2519 Pei-similes
1226 2468 1327 2519 sunt
1373 2476 1459 2519 loci
1519 2476 1622 2519 Pac.
1676 2492 1717 2520 v.

183 2551 309 2609 1290,
341 2546 419 2596 ubi
450 2552 635 2611 legimus
670 2556 721 2598 σύ
752 2556 913 2609 μέντοι,
946 2556 999 2613 νὴ
1030 2549 1141 2612 Δίὰ,
1170 2562 1218 2601 ut
1250 2571 1301 2600 eo
1332 2557 1472 2614 magis
1511 2548 1719 2601 efferatur

178 2621 588 2693 responsionis-vis,
620 2635 775 2694 eodem
806 2636 938 2680 modo
969 2643 1019 2680 ut
1048 2636 1132 2680 Av.
1168 2637 1302 2693 1651,
1350 2643 1393 2680 et
1437 2652 1522 2680 non
1543 2637 1719 2682 'addita

112 2748 116 2752 ,
170 2713 463 2772 jurisjurandi
503 2715 689 2759 formula
717 2716 822 2773 Lys.
851 2718 952 2761 498.
995 2717 1117 2761 Eccl.
1162 2718 1286 2762 1130.
1327 2718 1401 2770 (cf.
1440 2718 1619 2763 Heindf.
1659 2719 1718 2763 ad

178 2790 486 2854 Plat.'Oratyl.
517 2796 607 2841 430
638 2797 725 2852 R).
785 2798 933 2857 Atque
960 2787 1105 2857 *quum
1136 2798 1268 2843 semel
1308 2801 1574 2844 mentionem
1606 2800 1718 2846 fece-

1347 2879 1411 2924 3*
