1920 3109
940 111 999 154 70

196 237 329 282 modo
363 236 639 294 significans,
679 239 811 294 atque
841 242 939 293 post
979 233 1219 294 particulas
1249 234 1608 295 interrogativae.
1653 235 1743 282 'De

195 318 412 378 positione
450 315 767 376 particularum
811 315 1056 360 notandum
1101 321 1167 360 est
1209 328 1283 359 eas
1329 317 1413 361 nisi
1451 317 1496 361 in
1528 318 1741 363 trimetro

195 409 282 445 non
314 398 515 454 inveniri,
546 397 698 457 ibique
729 412 907 456 semper
936 396 1178 442 secundum
1211 398 1274 442 eis
1304 397 1488 442 formari
1526 399 1741 458 jambum,

195 497 284 527 uno
334 485 521 539 excepto
553 478 675 522 Eccl.
721 493 765 522 ν.
793 477 905 534 542,
951 477 1029 522 ubi
1060 484 1208 523 tamen
1247 494 1319 523 res
1344 480 1506 539 specie
1543 481 1740 540 quidem,

195 577 285 607 non
338 576 498 604 revera
538 574 668 603 secus
687 574 734 602 se
778 558 939 613 habet,
986 574 1121 618 quum
1170 575 1457 619 personarum
1499 562 1739 606 mutatione
1804 589 1811 611 7

194 657 357 686 novum
388 641 514 700 quasi
546 639 770 699 quoddam
800 640 974 683 initium
1015 639 1106 684 fiat.
1139 656 1141 658 ·
1166 641 1429 686 Necessaria
1470 642 1595 701 quasi
1634 656 1739 701 qua·

196 722 300 766 dam
331 709 592 765 attractione
622 735 799 779 semper
830 720 1103 778 conjunctae,
1134 720 1340 779 leguntur
1363 723 1479 766 inter
1509 722 1740 768 articulum

195 810 239 847 et
269 802 592 847 substantivum
623 800 746 844 Eccl.
777 801 879 855 542,
911 801 1029 844 inter
1056 801 1379 846 substantivum
1409 809 1456 847 et
1498 817 1740 862 pronomen

194 883 562 941 interrogativum
617 881 702 924 Av.
759 897 803 926 v.
867 882 979 934 1123
1041 882 1158 926 inter
1221 882 1407 927 verbum
1472 889 1540 928 et>
1576 898 1739 944 prono-

195 979 297 1009 men
358 963 475 1007 Nub.
565 963 695 1006 1178.
773 962 879 1021 Lys.
930 963 1032 1006 599.
1107 963 1229 1007 Ram
1281 964 1384 1008 805.
1449 964 1551 1010 865.
1583 1021 1586 1025 ²
1623 965 1740 1010 Plut-

195 1043 308 1100 2643
360 1059 547 1102 quorum
597 1043 793 1087 locorum
824 1043 884 1087 ad
922 1043 1168 1101 analogiam
1217 1043 1336 1088 Nub.
1383 1060 1424 1087 v,
1477 1046 1592 1089 1186
1643 1061 1742 1091 eon-

193 1132 264 1168 tra
307 1129 496 1168 metrum
538 1123 695 1167 Venet.
736 1122 924 1182 praebet
964 1130 1059 1165 νοεΐ
1096 1122 1146 1166 δὲ
1190 1122 1243 1181 δή
1284 1125 1346 1181 τίς
1387 1123 1578 1183 denique
1624 1126 1741 1170 inter

194 1219 437 1264 pronomen
482 1209 529 1247 et
569 1218 725 1248 vocem
771 1204 1132 1261 interrogativam
1175 1203 1309 1263 Vesp.
1354 1204 1457 1249 858.
1502 1205 1607 1249 Pac.
1639 1205 1740 1249 227.

197 1287 278 1330 Av.
313 1284 384 1328 67.
419 1284 515 1328 155.
548 1283 728 1328 Thesm.
761 1283 863 1328 608.
903 1284 1014 1328 Rau.
1050 1283 1148 1328 158.
1190 1283 1322 1339 Quod
1363 1284 1594 1342 legebatur
1622 1286 1739 1331 Nub.

196 1367 280 1411 681
316 1363 369 1423 δή
403 1364 456 1408 δέ
500 1365 635 1423 (Reis.
669 1365 795 1424 Oonj.
826 1364 861 1410 Ι.
904 1381 947 1424 p.
981 1365 1089 1420 230)
1130 1364 1369 1410 secundum
1400 1366 1517 1420 Rav.
1552 1373 1597 1411 et
1627 1368 1738 1413 Ven.

193 1442 383 1505 vestigia
412 1461 531 1491 nunc
562 1445 710 1491 editur
741 1445 793 1488 δέ
821 1461 869 1499 γε
893 1461 927 1490 a
957 1444 1207 1502 Meinekio,
1245 1444 1301 1502 δή
1329 1461 1377 1499 γε
1418 1452 1571 1491 contra
1612 1464 1739 1494 usum

194 1527 584 1587 Aristophanicum
616 1543 644 1571 a
673 1527 882 1585 Bergkio.

315 1629 407 1685 Γάρ
439 1628 496 1685 δή
524 1629 767 1689 particulae
797 1630 961 1689 septies
992 1628 1198 1686 leguntur
1243 1627 1362 1687 aPud
1384 1624 1741 1688 Aristophanem,

196 1717 241 1755 et
272 1709 453 1770 quidem
484 1710 559 1766 ita,
589 1708 755 1767 ut'ra'o
788 1724 966 1753 causam
996 1709 1158 1753 inferat
1190 1707 1247 1765 δή
1275 1714 1421 1753 autem
1449 1709 1564 1754 illius
1583 1725 1741 1755 causae

196 1793 288 1835 vim
319 1797 479 1849 urgeat
495 1802 518 1847 ‚'
549 1805 636 1849 qua
665 1791 713 1833 in
755 1806 804 1833 re
845 1789 979 1833 modo
1017 1791 1198 1849 propria
1244 1789 1426 1834 voculae
1467 1791 1740 1848 significatio,

196 1888 284 1931 qua
314 1887 409 1916 rem
441 1871 716 1916 manifestam
750 1871 965 1929 designat,
995 1872 1137 1928 magis
1167 1870 1322 1926 elucet,
1350 1877 1401 1914 ut
1429 1870 1537 1928 Lys.
1567 1887 1608 1914 v.
1652 1871 1739 1915 557

195 1951 275 1997 ubi
306 1952 447 1997 verba
477 1939 561 1995 νῦν
587 1953 669 2008 μὲν
696 1952 783 2010 γάρ
815 1949 869 2009 δὴ
904 1951 997 2006 καί,
1043 1951 1080 1995 si
1129 1949 1189 1995 ad
1233 1949 1420 1995 verbum
1453 1956 1506 1995 ea
1550 1950 1742 1997 reddere

196 2031 311 2086 licet,
342 2038 465 2076 sunt:
497 2047 614 2076 nunc
644 2020 828 2088 quidem
852 2033 962 2075 enim
990 2033 1223 2086 manifesto
1254 2032 1416 2085 etiamn
1445 2031 1577 2075 modo
1599 2033 1743 2075 minus

198 2111 398 2168 effertur,
442 2112 505 2155 ita
534 2117 584 2156 ut
614 2112 747 2157 etiam
779 2110 887 2156 addi
930 2110 1070 2170 possit
1101 2108 1287 2154 verbum
1318 2110 1333 2154 i
1364 2109 1464 2155 dem
1474 2111 1745 2170 significans,

197 2198 247 2235 ut
277 2192 395 2236 Nub.
426 2187 551 2235 397(
1585 2195 1589 2199 ’

273 2297 426 2339 τοῦτον
454 2295 540 2352 γὰρ
566 2293 621 2352 δή
653 2297 858 2352 φανερῶς
888 2293 911 2338 ὁ
946 2297 1058 2345 Ζεῦς
1089 2295 1171 2352 ἴησ’
1199 2294 1274 2337 ἐπὶ
1303 2293 1401 2344 τυύς
1429 2285 1666 2350 ἔπίόρκους

198 2406 276 2450 ubi
324 2404 380 2463 δή
420 2405 686 2451 levissimum
729 2413 900 2452 tantum
939 2408 1128 2452 notionis
1166 2419 1272 2451 suae
1314 2405 1519 2449 colorem.
1550 2419 1657 2463 prae
1698 2419 1744 2447 se

197 2485 300 2530 fert.
361 2485 539 2545 Reliqui
569 2486 655 2533 loci
696 2494 815 2532 sunt:
867 2488 950 2547 Eq.
983 2488 1069 2533 517
1103 2487 1206 2533 596.
1253 2485 1372 2530 Nub.
1411 2484 1501 2529 402
1542 2482 1641 2543 (ubi
1688 2483 1745 2527 de

197 2567 418 2627 particula
447 2569 499 2622 γέ
529 2584 571 2611 v.
603 2568 727 2613 Pors.
759 2568 818 2614 ad
849 2569 960 2615 Eur.
990 2568 1128 2613 Phon.
1150 2567 1298 2624 1366).
1329 2566 1431 2611 Pac.
1459 2566 1589 2613 1189.
1620 2563 1743 2609 Eccl.

203 2648 300 2692 157.
334 2648 528 2693 Dicendi
559 2645 774 2694 rationem
815 2647 1044 2710 Sophoclis
1074 2649 1121 2692 in
1150 2648 1219 2693 his
1258 2645 1487 2707 particulis
1532 2661 1634 2691 cum
1662 2659 1745 2695 usu

198 2729 536 2789 Aristophanico
596 2745 775 2789 prorsus
837 2730 1086 2775 consentire
1145 2728 1352 2789 exempla
1404 2727 1564 2773 docent
1624 2725 1743 2785 apud

199 2809 473 2855 Ellendtium
503 2809 636 2868 (Lex.
669 2810 803 2870 Soph.
836 2812 872 2857 Ι.
903 2810 1026 2870 341).
