1920 3109
310 887 383 931 De
392 884 697 943 Aristophanis
715 882 1030 943 particularum
1046 895 1126 925 usu
1148 881 1448 940 disputamrus
1462 895 1549 925 non
1564 896 1732 936 vereor,

194 967 294 1010 Viri
315 965 611 1021 Illustrissimi,
642 979 697 1008 ne
727 965 857 1007 venia
887 962 994 1006 mihi
1022 978 1049 1006 a
1072 961 1213 1006 Vobis
1244 961 1438 1021 petenda
1468 962 1526 1006 sit
1555 961 1733 1021 incepti,

193 1048 241 1090 id
271 1062 449 1101 vereor,
494 1061 548 1088 ne
579 1045 720 1088 Vobis
762 1045 905 1086 minus
935 1044 1068 1085 fuerit
1096 1042 1358 1101 probatum,
1397 1042 1516 1100 quod
1547 1057 1630 1100 ego
1660 1057 1734 1101 po-

192 1127 406 1172 tissimum
437 1124 708 1184 periculosae
749 1123 925 1182 plenum
967 1138 1076 1180 opus
1121 1114 1257 1165 aleae*
1275 1123 1557 1180 susceperim.
1619 1122 1733 1166 Nolo

194 1207 328 1263 igitur
358 1206 516 1248 iterare
548 1203 826 1255 decantatum
855 1201 965 1245 illud
997 1201 1051 1244 de
1083 1190 1351 1260 praestantia
1392 1202 1606 1245 sermonis
1635 1202 1734 1245 Ari-

195 1285 435 1343 stophanei,
463 1283 562 1327 nolo
590 1283 745 1339 longus
775 1297 868 1324 esse
900 1282 955 1324 de
988 1296 1062 1336 eo,
1095 1282 1212 1339 quod
1245 1281 1519 1324 doctissimus
1551 1283 1733 1339 quisque

195 1365 372 1414 minime
402 1363 580 1420 negavit
609 1362 804 1404 maximo
835 1375 933 1404 cum
980 1360 1127 1403 fructu
1156 1361 1202 1403 in
1233 1360 1416 1417 singulis
1446 1361 1734 1420 scriptoribus

195 1442 333 1504 posse
352 1444 502 1501 quaeri
534 1442 589 1484 de
620 1456 780 1498 genere
812 1440 1003 1496 dicendi,
1033 1440 1082 1482 id
1103 1442 1247 1498 potius
1279 1442 1361 1483 erit
1391 1442 1438 1483 in
1463 1442 1734 1499 praefatione

196 1523 428 1581 agendum,
443 1528 506 1565 .ut
534 1522 708 1564 veniam
724 1520 928 1564 Vestram
958 1519 1066 1563 mihi
1097 1536 1260 1578 parem,
1292 1520 1411 1579 quod
1436 1522 1733 1579 quaestionem

202 1603 373 1661 suscepi
415 1602 587 1659 juvenis
625 1615 780 1655 parum
825 1600 1109 1655 exercitatus,
1155 1616 1181 1642 a
1227 1615 1314 1658 qua
1358 1600 1590 1643 tractanda
1622 1615 1734 1644 sum-

197 1699 295 1745 mos
321 1681 464 1726 adhuc
495 1682 613 1724 viros
644 1679 920 1740 difficultates
952 1681 1017 1722 rei
1049 1679 1368 1724 deterruerunt.
1428 1680 1734 1741 Aristophanis

197 1765 311 1809 enim
343 1761 591 1807 comoedias
622 1775 702 1819 per
728 1759 897 1819 ⁴aliquot
935 1775 1071 1804 annos
1102 1759 1301 1805 lectitans
1341 1761 1544 1806 dictionis
1575 1764 1733 1807 atticae

195 1843 505 1907 praestantiam
535 1857 623 1885 non
653 1842 775 1899 potui
815 1856 903 1884 non
943 1856 1113 1884 summa
1158 1856 1257 1884 cum
1287 1841 1514 1900 voluptate
1545 1849 1735 1887 contem-

196 1924 309 1983 plari
338 1938 470 1981 quam
500 1936 633 1979 quum
663 1920 860 1964 viderem
897 1920 968 1963 vel
998 1921 1191 1963 maxime
1222 1922 1267 1964 in
1305 1922 1621 1980 particularum
1653 1904 1734 1968 usu

196 2004 380 2064 positam
412 2016 525 2057 esse,
567 2007 667 2044 ante
705 2000 973 2058 aliquantum
1015 2002 1223 2059 temporis
1264 2002 1502 2060 particulas
1543 2010 1732 2048 tractare

195 2083 313 2143 apud
344 2098 414 2126 me
447 2082 662 2125 constitui.
724 2080 870 2138 Atque
901 2080 983 2124 hac
1021 2082 1067 2123 in
1097 2095 1144 2123 re
1177 2082 1307 2124 etiam
1350 2082 1458 2125 mihi
1488 2085 1732 2128 maximum

196 2169 290 2207 erat
312 2161 672 2221 impedimentum
701 2159 761 2215 id,
793 2159 912 2218 quod
944 2161 988 2203 in
1007 2154 1294 2219 Aristophane
1325 2162 1555 2207 tractando
1580 2179 1732 2207 unum-

197 2257 413 2301 quemque
445 2241 578 2284 debet
608 2239 826 2295 cohibere,
856 2255 1012 2298 parum
1049 2246 1257 2283 accurata
1290 2241 1494 2285 codicum
1524 2244 1730 2302 cognitio,

144 2351 153 2358 -
197 2310 330 2381 quum
370 2336 481 2380 quae
518 2322 684 2379 majore
723 2323 768 2364 in
810 2321 903 2365 dies
946 2336 1045 2365 cum
1090 2321 1234 2365 studio
1276 2329 1559 2381 exspectatur
1596 2324 1731 2369 editio

197 2403 283 2447 Ad.
317 2402 371 2445 de
388 2401 549 2445 Velsen
580 2403 624 2445 in
643 2401 787 2445 lucem
816 2401 1011 2445 nondum
1033 2400 1257 2460 prodierit.
1321 2402 1447 2457 Quae
1467 2419 1730 2463 quamquam

196 2485 257 2528 ita
286 2486 332 2526 se
363 2482 604 2538 habebant,
635 2489 780 2526 tamen
810 2483 997 2526 instante
1028 2484 1168 2539 magis
1197 2489 1393 2542 tempore
1425 2484 1482 2527 ad
1522 2500 1631 2543 opus
1660 2502 1731 2530 me

195 2563 380 2619 accinxi,
411 2562 586 2616 Vestra,
627 2564 842 2621 imprimis
874 2562 1176 2607 adhortatione
1208 2563 1456 2608 admonitus
1486 2565 1731 2625 Vestroque

196 2643 361 2686 auxilio
390 2643 537 2685 fretus.

313 2722 498 2767 Habetis
528 2722 682 2780 igitur,
731 2722 830 2765 Viri
861 2723 1114 2767 Doctissimi
1128 2758 1140 2780 ,
1172 2724 1227 2767 de
1259 2723 1565 2783 Aristophanis
1595 2727 1731 2783 parti-

196 2802 390 2847 cularum
410 2818 492 2848 usu
513 2803 657 2862 capita
681 2802 779 2860 duo,
792 2804 841 2848 >in
858 2804 1028 2862 quibus,
1047 2806 1082 2850 si
1104 2805 1150 2850 id
1174 2805 1355 2851 fortasse
1372 2806 1602 2862 miremini,
1622 2805 1728 2864 quid
