1920 3109
931 64 986 107 13

178 187 288 231 Bm
318 188 429 241 953;
470 188 765 232 nominativus
808 187 990 246 pluralis
1023 187 1156 245 Vesp.
1187 186 1287 231 370.
1322 187 1551 243 genetivus
1583 185 1715 245 Vesp.

179 268 280 312 453.
320 268 594 318 accusativus
625 268 758 327 Vesp.
791 268 901 320 7713
946 273 989 310 et
1029 273 1233 310 neutrum
1275 267 1501 325 utriusque
1530 268 1715 322 numeri,

179 348 307 392 litera
337 349 353 389 ί
386 347 725 404 demonstrativa
740 347 1081 393 'corroboratum
1104 348 1224 389 ταυτὶ
1237 348 1320 402 μέν
1338 346 1422 390 Av.
1437 346 1522 392 807
1536 346 1713 392 Thesm.

182 429 282 472 632.
328 430 454 472 1202.
495 433 609 472 τουτὶ
642 431 723 483 μέν
751 430 868 477 Nub.
905 429 1031 473 1188.
1071 428 1175 471 Pac.
1209 427 1311 471 244.
1341 428 1450 471 Ran.
1483 428 1613 470 1023.
1654 427 1710 469 de

180 507 338 566 quibus
367 508 474 552 loeis
505 509 704 553 omnibus
730 511 780 552 in
811 510 1063 552 universum
1095 507 1179 551 hoo
1208 506 1340 561 valet,
1373 522 1614 565 pronomen
1639 507 1712 550 de-

178 589 509 631 monstrativum
540 588 756 647 particula
786 588 1053 631 affirmativa
1077 586 1410 630 corroboratum
1428 588 1594 645 majore
1611 602 1709 631 eum

179 668 224 710 vi
254 682 485 726 personam
514 675 590 712 aut
619 684 713 712 rem
743 668 933 727 aliquam
966 667 1021 711 de
1053 682 1139 725 qua
1170 668 1214 709 in
1235 667 1298 709 eis
1312 681 1424 724 quae
1446 667 1713 712 antecedunt

179 762 320 792 sermo
336 755 442 804 erat,
462 750 508 792 in
528 750 782 793 memoriam
799 763 1023 792 revocare.
1086 747 1225 804 Cujus
1245 762 1349 790 usus
1371 746 1713 791 luculentissima

178 829 379 888 exempla
404 836 504 874 sunt
534 845 597 885 ea,
627 830 705 874 ubi
734 844 848 888 pone
879 828 1110 873 articulum
1141 828 1284 887 posita
1306 834 1371 871 est
1391 828 1608 887 particula
1629 830 1713 884 μέν

179 909 393 965 solitaria,
437 911 636 968 interque
664 925 721 953 ea
749 910 1134 968 praestantissima,
1178 924 1290 967 quae
1322 924 1380 952 ex
1410 908 1606 954 Homero
1638 909 1711 953 de-

177 995 362 1047 sumpta,
393 996 470 1035 aut
498 991 681 1034 Homeri
712 992 759 1033 in
788 990 969 1034 modum
1001 984 1272 1033 conformata
1301 990 1507 1047 leguntur
1534 990 1638 1034 Pac.
1669 1006 1710 1034 v.

181 1068 296 1114 1090
325 1075 371 1112 et
405 1069 518 1114 1280
551 1069 688 1125 (ofin.
720 1071 736 1111 ί
767 1069 836 1113 63.
870 1069 948 1125 643
976 1083 1129 1112 versus
1149 1068 1262 1114 1280
1292 1084 1349 1111 ex
1379 1070 1712 1115 variisHomeri

176 1149 285 1192 locis
322 1150 585 1207 compositus
626 1155 716 1203 est).
782 1149 876 1193 Hos
919 1150 1034 1192 enim
1064 1150 1109 1191 in
1149 1164 1302 1191 versus
1332 1164 1385 1192 ea
1413 1150 1485 1193 vel
1515 1152 1710 1195 maxime

178 1228 416 1285 quadrant,
462 1243 573 1286 quae
612 1228 794 1272 adnotat
827 1226 1146 1284 Naegelsbach.
1191 1227 1249 1271 ad
1287 1226 1413 1271 Iliad.
1455 1229 1491 1272 Ι.
1528 1230 1626 1275 234.
1657 1247 1711 1274 n:

177 1308 340 1351 Hinter
371 1308 467 1351 dem
495 1307 894 1362 recapitulirenden
923 1306 1331 1350 Demonstrativum
1357 1307 1437 1351 hat
1464 1308 1560 1361 μέν,
1586 1323 1710 1353 wenn

174 1401 219 1432 es
239 1388 370 1434 nicht
392 1388 709 1442 praeparativa
739 1391 867 1440 ειεει,
914 1387 985 1431 die
1025 1387 1331 1443 Bestimmuny
1345 1420 1355 1440 ‚
1396 1388 1466 1432 die
1495 1389 1712 1435 Identitdt

176 1469 252 1511 des
280 1469 551 1511 Pronomens
581 1468 661 1510 mit
691 1468 769 1510 der
798 1468 1135 1522 recapitulatam
1166 1467 1334 1511 Person
1369 1469 1474 1512 oder
1496 1469 1636 1514 Saohe
1651 1486 1709 1515 zu

174 1548 423 1592 versichern
436 1582 446 1596 ,
492 1548 586 1592 und
617 1548 720 1591 eben
750 1547 890 1592 durch
927 1548 1044 1591 diese
1083 1547 1396 1605 Versicheruny
1427 1550 1509 1596 das
1538 1551 1712 1598 Prono-

174 1642 272 1671 men
313 1628 380 1671 als
417 1627 797 1683 Ausyanyspunkt
837 1627 958 1670 einer
999 1641 1083 1669 neu
1128 1628 1404 1672 anhebenden
1451 1630 1709 1677 Gedanken-

175 1708 294 1751 reihe
323 1708 480 1762 seharf
501 1722 559 1751 eu
588 1707 822 1751 mashiren.
883 1706 1020 1765 Apud
1051 1706 1391 1766 Aristophanem
1420 1710 1488 1754 his
1520 1726 1618 1756 cum
1650 1713 1710 1757 lo-

176 1788 239 1831 eis
268 1791 413 1846 potest
453 1786 700 1845 comparari
740 1785 910 1830 Thesm.
952 1802 993 1830 v.
1029 1786 1129 1832 922.
1196 1787 1351 1832 Paullo
1382 1789 1509 1834 aliter
1538 1792 1579 1835 ei
1607 1800 1709 1838 sunt

173 1868 260 1911 looi
300 1867 582 1920 conformati,
620 1866 699 1909 ubi
728 1866 834 1920 μέν,
877 1866 993 1923 quod
1034 1869 1214 1924 proprie
1242 1884 1358 1925 pone
1389 1870 1708 1918 substantivum

173 1945 423 2007 ponendum
456 1951 571 1999 erat,
601 1945 743 2004 ⁴'eujus
772 1945 864 1988 vim
894 1960 1003 2004 opus
1035 1952 1100 1990 est
1130 1948 1300 2004 augeri,
1331 1949 1446 1993 inter
1474 1951 1708 1998 substanti-

174 2043 278 2071 vum
310 2033 354 2070 et
383 2026 615 2069 articulum
659 2026 849 2083 positum
879 2027 1106 2084 utriusque
1126 2029 1246 2070 vocis
1261 2035 1337 2072 aut
1353 2032 1499 2088 potius
1517 2035 1707 2080 notionis

151 2108 308 2167 'ipsius
338 2108 383 2150 vi
414 2105 643 2163 augendae
672 2106 865 2161 inservit,
896 2111 945 2150 ut
974 2106 1059 2164 Eq.
1094 2106 1190 2153 763.
1212 2107 1350 2167 Vespe
1379 2110 1478 2155 673.
1494 2112 1595 2157 907.
1624 2115 1705 2160 Av.

177 2186 302 2231 1565.
379 2185 556 2228 Therm.
599 2185 696 2228 726.
746 2185 844 2228 Ran
886 2185 987 2229 654.
1036 2200 1144 2243 quos
1184 2188 1299 2230 inter
1339 2189 1458 2233 locos
1495 2192 1579 2251 Eq.
1617 2194 1704 2240 763

171 2266 395 2311 Bentleius
408 2300 421 2322 ,
459 2271 508 2310 ut
536 2266 745 2322 καθαρὸν
774 2260 1026 2311 restitueret
1055 2265 1351 2322 ἀνάπαιστον,
1382 2273 1577 2319 scribere
1607 2293 1706 2335 pro-

173 2348 318 2405 posuit
346 2348 397 2408 τῇ
427 2345 632 2408 δεσποίνῃ
662 2349 744 2403 μὲν
769 2345 999 2405 ’Λθηναίᾳ
1029 2348 1148 2392 nulla
1179 2355 1361 2408 cogente
1393 2367 1538 2410 causa,
1570 2371 1704 2415 quum

171 2428 284 2472 ratio
312 2427 618 2486 Aristophanis
658 2429 705 2472 in
748 2429 979 2473 tractando
1026 2438 1264 2489 anapaesto
1294 2437 1581 2480 mutationem
1613 2455 1702 2484 non

168 2508 348 2566 flagitet,
378 2522 642 2566 quamquam
672 2523 725 2552 ea
754 2509 892 2568 possit
921 2509 1135 2569 exemplis
1164 2511 1331 2557 firmari
1356 2513 1702 2577 Aristophaneis,

171 2603 195 2631 e
227 2588 386 2645 quibus
416 2595 601 2646 apparet
629 2603 717 2631 non
748 2604 924 2647 semper
960 2593 1177 2635 comicum
1207 2595 1467 2650 particulam
1496 2599 1580 2650 μέν
1609 2601 1703 2643 tali-

168 2667 252 2712 bus
281 2668 387 2713 loeis
417 2669 533 2713 inter
562 2668 795 2713 articulum
822 2676 866 2714 et
882 2670 1202 2716 substantivum
1218 2675 1424 2732 posuisse.
1484 2675 1567 2737 Eq.
1585 2681 1700 2724 enim

167 2762 298 2792 versu
327 2749 437 2806 598,
478 2749 601 2793 Eecl.
644 2749 727 2793 171
774 2757 874 2809 post
913 2751 1234 2798 substantivum
1275 2756 1454 2813 ponitur
1485 2760 1702 2816 particula
