1920 3109
950 146 1007 190 83

209 232 765 330 νεεΡ.-“1Ᾰ12.«Ῥαο.»ῑ929.
804 269 1057 315 Av.*1025.
1091 268 1221 315 1689.
1247 269 1370 328 Lyn.
1401 269 1471 313 54.
1504 269 1614 321 Rau.
1644 268 1746 312 416.

122 344 125 346 .
194 351 462 403 ’Bloch-863.
479 348 607 396 *Plut.
637 352 738 408 483,
769 350 904 411 Vesp.
924 351 1005 395 121
1036 352 1130 396 sine
1162 350 1296 394 dubio
1327 350 1481 394 melius
1511 349 1580 392 ὅτε
1611 348 1665 407 δὴ
1698 348 1748 391 δέ

208 428 369 489 legitur
399 432 476 491 (cf.
505 433 651 494 Elmsl.
695 433 752 477 ad
770 432 892 479 Aah.
940 433 1015 492 10)
1063 448 1194 491 quam
1239 431 1308 474 du
1330 428 1457 489 δῆτ’,
1498 446 1632 490 quum
1678 426 1748 473 &e

209 511 318 573 ᾂῆπι
342 513 403 558 ab
418 513 728 573 Aristophane
758 515 934 558 omnino
979 514 1165 558 vitatum
1193 514 1270 568 sit,
1316 519 1360 556 et
1405 512 1516 570 δῆτα
1558 512 1642 556 hac
1699 514 1746 555 in

209 590 428 638 iomitione
453 577 737 638 ‘librariorum
768 595 941 638 incuria
972 599 1115 637 ortum
1146 592 1350 636 videatur
1381 592 1455 650 (cf.
1488 592 1603 653 Reis.
1620 591 1747 650 Conj.

210 665 372 717 1.3229.
404 673 527 718 Pers.
558 673 628 717 ad.
660 674 764 732 Lys.
795 673 920 731 523).
963 674 1063 717 Hoc
1095 678 1241 717 autem
1271 673 1308 715 si
1337 687 1492 715 verum
1523 678 1589 716 est
1619 671 1747 716 simul

212 754 463 811 Hartungio
507 754 802 813 adempsimus
831 753 1111 812 exemplum,
1150 768 1236 810 quo
1280 752 1419 809 (Part.
1448 751 1482 795 Ι.
1513 752 1621 809 311)
1667 767 1748 810 per

212 835 473 894 particulam
489 832 598 891 δῆτα
628 836 758 879 etiam
779 835 1083 879 transitionem
1116 833 1213 876 fieri
1245 824 1573 877 demonstravit.
1600 832 1745 890 Hujus

211 917 347 973 igitur
378 930 510 960 causa
539 916 786 974 speciosum
826 914 929 965 licet
970 914 1186 959 addamus
1223 913 1498 973 exemplum,
1540 913 1656 957 Nub.
1704 929 1746 956 v.

219 996 332 1043 1058
364 980 441 1041 ubi
474 995 649 1040 verbis:

501 1076 648 1131 ἄνειμι
689 1074 779 1133 δῆτ’
826 1075 1033 1117 ἐντεῦθεν
1062 1074 1107 1124 ἐς
1136 1073 1212 1130 τὴν
1239 1074 1446 1128 γλῶτταν,

216 1155 403 1214 injustus
436 1162 584 1218 orator
615 1154 673 1198 ad
687 1170 847 1198 novam
877 1169 972 1197 rem
1002 1156 1169 1210 transit,
1199 1168 1464 1212 quamquam
1490 1154 1598 1198 mihi
1628 1162 1749 1199 recte

214 1233 391 1279 videtur
420 1234 651 1279 adnotasse
683 1234 871 1290 Teuffel,
902 1235 1043 1292 magis
1072 1234 1129 1278 ad
1162 1234 1492 1279 dialecticorum
1524 1242 1751 1279 consuetu-

219 1314 366 1359 dinem
409 1315 575 1359 dictum
621 1330 736 1371 esse,
779 1322 839 1358 et,
867 1315 914 1358 in
957 1315 1120 1359 talibus
1152 1315 1493 1375 Aristophanem
1533 1331 1621 1360 non
1661 1322 1751 1359 tam

218 1403 342 1440 suam
385 1411 517 1454 quam
563 1386 715 1440 eorum
754 1410 862 1454 quos
901 1396 1158 1454 perstringit
1200 1395 1377 1439 dicendi
1423 1396 1638 1440 rationem
1679 1396 1753 1440 ad-

214 1462 407 1527 hibuisse
436 1477 541 1520 satis
571 1481 721 1520 notum
745 1481 831 1519 <est-

331 1557 484 1600 Restat
510 1562 561 1599 ut
589 1556 742 1614 paucis
772 1555 935 1599 addam
951 1555 1111 1613 quibus
1142 1571 1243 1599 cum
1276 1556 1504 1614 particulis
1536 1572 1625 1601 vox
1645 1557 1755 1615 δῆτα

216 1637 451 1695 conjuncta
481 1636 744 1680 inveniatur.
805 1635 952 1695 Atque
984 1636 1178 1695 primum
1209 1634 1321 1694 δῆτά
1356 1652 1405 1690 γε
1449 1638 1626 1683 omnino
1666 1654 1754 1683 non

218 1717 454 1772 invenitur,
483 1718 532 1769 γὲ
566 1714 677 1773 δῆτα
706 1729 812 1759 vero
842 1731 930 1760 uno
959 1716 1063 1761 Pac.
1094 1732 1136 1760 V.
1166 1716 1254 1762 630
1284 1732 1311 1759 a
1339 1717 1541 1761 Bentleio
1586 1721 1754 1764 restitu-

223 1798 316 1842 tum
349 1796 598 1841 tacentibus
630 1796 766 1841 libris.
807 1796 971 1840 Sensus
1011 1802 1076 1841 est
1117 1796 1390 1856 aliquatenus
1426 1798 1582 1843 fortior
1620 1805 1753 1859 quam

186 1921 190 1926 ,
221 1878 535 1938 particularum
575 1878 623 1931 γὲ
654 1875 713 1934 δή
752 1892 861 1936 quos
901 1877 1019 1920 vide.
1079 1878 1152 1921 De
1193 1879 1222 1935 ἢ
1250 1876 1359 1935 δῆτα
1407 1879 1541 1938 Vesp.
1580 1896 1622 1923 v.
1664 1882 1754 1925 332

215 1959 319 2004 vide
349 1958 494 2003 Klotz.
537 1957 595 2002 ad
631 1957 786 2002 Devar
821 1957 883 2001 H.
927 1957 1016 2002 442
1063 1956 1180 2001 α’λλὰ
1227 1957 1337 2016 δῆτα
1403 1958 1521 2017 quod
1567 1965 1633 2003 est
1678 1965 1755 2015 „at

216 2040 406 2084 scilicet“
440 2038 517 2092 (cf.
549 2037 740 2094 Hesych.
771 2053 815 2081 v.
845 2038 923 2082 ubi
962 2045 1082 2082 recte
1112 2054 1194 2098 pro
1224 2038 1358 2089 οὕτως
1384 2040 1575 2083 restituit
1606 2039 1754 2094 ὄντωςς

216 2118 365 2164 Fiseh.
397 2117 456 2163 ad
477 2117 590 2163 -Plut
620 2134 662 2162 v.
695 2118 846 2177 1098),
875 2118 1038 2178 legitur
1053 2119 1229 2164 Thesm.
1254 2119 1469 2164 143.‘144.
1500 2119 1616 2165 Plut.
1638 2120 1753 2165 1098

216 2202 291 2242 καὶ
321 2199 431 2256 δῆτα
469 2204 538 2255 „et
565 2192 826 2255 manifest0“
867 2198 976 2243 Ach.
1009 2200 1079 2243 68.
1128 2200 1222 2243 142.
1264 2200 1399 2259 Vesp.
1432 2201 1501 2244 13.
1535 2201 1635 2244 796.
1667 2201 1754 2244 Av.

215 2280 317 2324 511.
354 2279 478 2323 1670.
522 2280 632 2334 Ran.
665 2279 737 2324 52.
782 2279 905 2324 Eccl.
943 2280 1047 2325 378.
1080 2280 1178 2325 385.
1206 2280 1328 2324 ῬΙιιίι
1359 2280 1445 2324 697
1490 2295 1577 2340 quo
1618 2296 1751 2325 versu

216 2360 336 2404 idem
378 2360 571 2404 occurrit
607 2359 726 2418 quod
759 2360 855 2419 jam
901 2361 947 2404 in
987 2359 1046 2419 δή
1086 2360 1301 2420 particula
1340 2360 1558 2419 vidimus,
1595 2377 1754 2423 nempe

216 2440 334 2499 quod
366 2440 475 2498 δῆτα
507 2446 551 2484 et
579 2439 673 2498 ἤδη,
705 2440 762 2485 ab
795 2441 949 2485 eadem
981 2440 1133 2485 radice
1164 2440 1321 2486 ductae
1354 2442 1401 2486 in
1431 2442 1589 2488 eodem
1623 2459 1755 2489 enun-

215 2522 323 2565 tiato
351 2521 648 2566 inveniuntur.

226 2611 240 2623 *
297 2619 299 2622 ⁴
340 2600 480 2645 P'orro
513 2602 644 2645 etiam
675 2599 756 2644 οὖν
784 2601 968 2659 θιδῆτα
1001 2601 1227 2659 conjungit
1258 2603 1465 2659 comicus,
1495 2603 1579 2662 Eq.
1612 2620 1654 2648 v.
1670 2605 1753 2650 871

222 2680 321 2725 8-75.
352 2679 437 2723 Av.
467 2679 538 2723 27.
570 2679 687 2724 Plut.
720 2680 820 2736 845,
849 2679 1215 2740 neque'denique
1245 2680 1405 2727 desunt
1423 2683 1659 2743 exempla,
1709 2685 1754 2727 in

221 2760 379 2819 quibus
410 2758 505 2802 εἶτα
536 2764 579 2803 et
593 2771 595 2773 ·
609 2759 772 2817 ἔπειτα,
801 2761 839 2805 si
869 2759 1045 2819 quando
1077 2776 1212 2821 quum
1251 2762 1543 2809 admiratione
1573 2765 1755 2808 interro·

218 2842 363 2898 gantis
393 2847 504 2899 sunt,
537 2840 610 2899 (cf.
644 2840 849 2887 Scheibe.
883 2841 1039 2888 Philol.
1073 2827 1128 2900 V,
1162 2844 1249 2890 363
1277 2846 1353 2902 n.),
1384 2844 1604 2903 particula
1647 2843 1754 2897 δῆτα
