1920 3109
906 61 980 119 546

172 202 294 259 ὅμως
321 219 371 258 νε
397 204 546 264 μέντοι
566 206 645 250 ἸιίΒ
675 206 894 265 leguntur,
921 202 1075 267 :vesp
1107 205 1235 253 1344.
1298 208 1410 253 Rau.
1447 208 1518 254 61.
1562 208 1721 267 quibus

173 285 281 330 locis
332 285 462 342 ὅμως
486 286 644 332 leniter
683 288 986 338 concludentis
1030 296 1112 345 est,
1155 286 1244 349 quo
1285 290 1428 340 simul·
1450 292 1719 335 enuntiatum

173 365 439 412 antecedens
470 367 746 428 aliquatenus
776 369 1083 429 restringitur,
1100 369 1148 414 id
1179 370 1298 430 quod
1329 370 1489 416 addim·-
1505 370 1722 431 particula

173 449 225 503 γέ
257 456 457 507 augetur.
518 451 599 496 Est
628 452 765 508 igitur
794 450 1062 495 simillimum
1092 453 1319 511 particulis
1356 449 1468 509 ατοίρ
1486 463 1566 505 γε
1558 451 1722 508 μέντοι

174 530 393 589 particula
422 531 469 574 in
487 530 567 575 his
591 531 706 578 fines
738 532 951 576 enuntiati
982 534 1069 577 non
1090 529 1338 591 egreditur,
1380 540 1511 592 atque
1553 547 1723 577 asseve-

175 613 315 656 rantis
357 619 436 656 est.
509 612 696 658 Prorsus
738 612 893 657 eodem
935 607 1066 658 modo
1104 613 1346 673 particulae
1374 613 1507 669 opacos
1545 619 1595 666 ’γε
1633 613 1722 670 μήν
1765 618 1769 621 “

175 692 382 752 leguntur
405 692 532 737 Nub.
563 693 665 738 631.
698 694 786 737 822
819 701 863 738 et
894 694 1043 738 dorice
1073 694 1177 752 Lys.
1201 695 1285 739 144
1314 676 1392 739 ubi
1407 691 1592 738 verbum
1608 691 1723 738 >sub-

172 776 413 822 stantivum
466 771 665 834 tempore
720 775 867 820 futuro
903 790 961 819 ex
989 775 1356 820 antecedentibus
1414 775 1720 834 supplendum.

169 845 314 911 σμως
344 855 562 914 particula
579 870 680 898 cum
695 856 930 914 participio
962 855 1208 915 conjuncta,
1241 855 1296 899 de
1326 870 1514 914 quo-usu
1545 854 1723 899 dicendi

178 936 322 980 Verba
352 937 499 981 fecere
529 936 711 980 Heindf.
754 936 814 979 ad
846 936 958 980 Plat.
985 937 1098 995 Lys.
1143 952 1186 995 p.
1218 937 1319 980 213.
1361 937 1413 979 Β.
1451 936 1510 979 ad
1530 935 1722 979 iTheaet.

183 1016 269 1060 145
300 1015 359 1060 D.
390 1015 544 1061 Elmsl.
578 1017 637 1061 ad
667 1017 832 1080 Bacch.
864 1016 949 1061 787
984 1017 1038 1061 ad
1073 1016 1192 1061 Med.
1214 1017 1342 1062 1216.
1370 1017 1533 1074 Reisig.
1564 1016 1724 1061 Enarr.

159 1095 292 1142 Ded.
324 1094 421 1143 Cel.
452 1113 496 1157 p.
530 1097 695 1143 XCVI.
726 1097 847 1157 apud
877 1097 1221 1157 Aristophanem
1251 1111 1339 1142 non
1371 1096 1526 1154 exstat,
1556 1103 1617 1141 <et
1636 1112 1726 1140 ‘ne-

178 1178 358 1222 scio›an
388 1179 565 1223 omnino
598 1178 836 1222 dicendum
867 1193 954 1223 non
986 1180 1067 1234 sit,
1098 1178 1211 1222 hanc
1229 1178 1421 1222 :dicendi
1452 1180 1665 1222 rationem
1697 1194 1724 1222 a

163 1272 380 1305 sermone
414 1261 684 1304 comicorum
716 1259 819 1304 ideo
850 1260 1037 1303 alienam
1065 1274 1175 1315 csse,
1207 1257 1311 1318 quin.
1339 1257 1725 1315 sublimealiqu'id

166 1340 227 1384 -in
257 1354 304 1384 se
335 1341 551 1398 continet,
593 1354 729 1400 quum
758 1338 807 1385 id
837 1355 908 1384 me
939 1341 1100 1385 mirum
1129 1340 1315 1397 habeat,
1342 1339 1478 1399 «quod
1506 1338 1574 1383 nc·
1600 1337 1726 1398 opud
1755 1399 1758 1403 Ι

179 1421 371 1479 rel-iquos
402 1421 595 1480 quidem,
628 1436 737 1480 quos
752 1422 955 1465 novimus
985 1422 1146 1465 atticae
1178 1420 1434 1466 comoediae
1464 1424 1619 1480 poetas
1650 1434 1726 1464 vo-

179 1502 300 1547 cula
295 1501 431 1558 ὅμως
459 1516 559 1547 cum
589 1502 825 1563 participio
858 1492 1105 1561 conjuncta
1119 1501 1293 1560 legitur,
1323 1515 1424 1546 nam
1452 1502 1497 1545 in
1521 1499 1727 1545 Alexidis

178 1584 256 1629 illo
286 1599 432 1642 versu,
463 1585 539 1642 (cf.
570 1584 705 1628 Mein.
737 1584 862 1630 Com.
878 1583 1048 1628 Graec.
1075 1583 1176 1628 ΠΙ.
1210 1582 1340 1643 487)
1368 1581 1487 1639 ὅμως
1527 1582 1585 1633 ad
1631 1582 1727 1637 λέγε

180 1667 374 1726 pertinet
400 1679 546 1725 neque
577 1681 684 1716 vero
714 1665 773 1711 ad
803 1664 984 1709 ἐκπιών.
1189 1688 1192 1694 =

304 1979 462 2025 Finem
495 1979 630 2025 faciat
660 1976 879 2040 particula
909 1974 1031 2033 02de
1079 1974 1154 2035 (cf.
1175 1973 1331 2024 Klotz.
1361 1972 1420 2017 ad
1464 1973 1629 2023 Devar.
1668 1970 1729 2021 ΙΙ.

188 2061 287 2110 195.
311 2076 406 2122 sqq.
437 2059 609 2107 Rauml.
638 2059 760 2104 Part.
787 2074 830 2119 p.
847 2058 913 2103 50
937 2060 1053 2117 sqq.)
1085 2072 1198 2117 quae
1228 2054 1349 2116 apud
1389 2053 1730 2113 Aristophanem

185 2145 291 2188 satis
336 2143 592 2202 frequenter
634 2142 827 2187 occurrit
881 2154 1146 2200 quamquam
1188 2153 1285 2182 eam
1329 2152 1416 2182 non
1453 2142 1544 2181 tam
1589 2133 1732 2180 multi-

186 2225 301 2270 faria
336 2225 510 2270 ratione
554 2222 758 2272 adhibuit
811 2229 861 2267 ut
904 2222 1105 2266 fecerunt
1149 2219 1332 2277 Tragici
1377 2224 1421 2262 et
1458 2215 1597 2269 Plato.
1658 2214 1731 2258 Sic

186 2320 274 2350 non
305 2304 544 2364 respondet
573 2303 854 2349 antecedenti
892 2304 998 2359 μέν,
1041 2316 1184 2360 neque
1216 2298 1513 2358 conjunctioni
1550 2294 1734 2358 inservit

187 2388 264 2430 καί
294 2392 504 2445 sequente
535 2392 584 2431 ut
628 2385 748 2445 apud
793 2385 1023 2429 Platonem
1071 2381 1291 2441 (exempla
1340 2380 1465 2424 dabit
1494 2361 1590 2426 Ast.
1621 2376 1732 2426 Lex

186 2468 298 2514 Plat.
333 2469 368 2512 I.
399 2468 520 2527 299).
567 2467 704 2527 Apud
737 2468 950 2510 comicum
985 2465 1146 2523 septies
1178 2470 1221 2507 et
1252 2460 1516 2521 quadragies
1561 2458 1735 2516 legitur,

191 2551 228 2593 si
264 2555 384 2593 recte
417 2548 595 2606 collegi,
627 2547 786 2607 quibus
819 2547 926 2590 locis
957 2545 1161 2590 omnibus
1191 2544 1295 2588 satis
1328 2542 1475 2586 differt
1505 2540 1562 2584 ab
1595 2536 1733 2592 ἀλλά,

190 2641 457 2692 quamquam
479 2637 534 2683 ¹et
563 2630 778 2675 librorum
810 2631 1047 2689 scriptores
1079 2634 1122 2671 et
1153 2626 1346 2671 editores
1379 2631 1607 2681 utramque
1637 2636 1736 2680 par-

188 2713 370 2757 ticulam
401 2727 490 2755 non
521 2727 609 2756 uno
641 2711 737 2755 loeo
769 2710 1076 2754 confuderunt.
1137 2705 1512 2769 Particulalenim
1533 2700 1647 2757 οἶτοὶρ
1678 2716 1736 2745 ex

190 2792 293 2838 αὖτε
315 2793 539 2838 >adverbio
571 2799 614 2837 et
644 2793 735 2849 ἄρα
764 2790 983 2851 particula
1011 2796 1126 2846 nata,
1156 2788 1358 2847 quamvis
1384 2782 1600 2829 nonnullis
1630 2782 1738 2826 locis
