1920 3109
643 747 895 796 CAPUT
947 746 1328 793 ALTERUM.

210 899 227 914 ‚
277 851 391 901 ‘DE
429 852 846 902 PARTICULIS
893 850 971 916 δή,
1013 850 1147 915 δῆτα,
1198 845 1373 915 δήᾶτου,
1411 847 1686 914 δήπουθεν.

345 1083 559 1128 Absoluto
590 1085 736 1143 capite
763 1083 883 1142 quod
914 1089 979 1126 est
1010 1082 1065 1126 de
1095 1081 1324 1141 particulis
1345 1081 1651 1137 adversativis,
1683 1080 1766 1125 hoc

228 1163 365 1208 altero
394 1166 538 1223 capite
568 1164 693 1209 brevi
724 1163 856 1208 liceat
887 1163 1102 1207 disserere
1135 1161 1190 1206 de
1225 1161 1442 1221 particula
1473 1160 1542 1219 δή,
1575 1168 1618 1206 et
1649 1148 1763 1222 quae

229 1251 399 1290 ceterae
430 1245 628 1304 ejusdem
657 1252 757 1290 sunt
787 1245 992 1289 familiae.

346 1326 545 1369 Primum
575 1326 712 1388 igitur
763 1310 1008 1384 particulae
1039 1322 1110 1380 δή
1149 1323 1254 1366 satis
1295 1321 1500 1382 frequens
1543 1329 1608 1367 est
1651 1323 1771 1383 apud

160 1464 162 1467 ι
231 1405 568 1464 Aristophanem
597 1420 712 1461 usus,
744 1419 1020 1463 quamquam,
1051 1410 1100 1447 ut
1126 1419 1209 1462 par
1241 1410 1318 1458 est,
1349 1405 1460 1446 ratio
1489 1419 1577 1462 qua
1607 1419 1660 1447 ea
1689 1406 1771 1448 uti-

230 1491 302 1529 tur
332 1487 548 1541 comicus,
578 1484 649 1532 vel
680 1487 873 1528 maxime
905 1480 1081 1528 diversa
1113 1490 1178 1527 est
1208 1484 1265 1528 ab
1298 1499 1350 1527 ea
1360 1518 1371 1539 ‚
1404 1499 1491 1542 qua
1521 1484 1634 1528 hanc
1671 1501 1769 1543 par-

231 1566 410 1610 ticulam
462 1571 674 1625 usurpant
724 1579 872 1609 rerum
921 1547 1159 1624 scriptores
1201 1570 1245 1608 et
1286 1563 1546 1624 philosophi.
1622 1566 1769 1622 Quum

234 1650 348 1693 enim
380 1664 417 1692 e.
447 1663 489 1706 g.
521 1648 742 1692 rarissime
774 1646 830 1705 δή
860 1646 1076 1706 particula
1106 1645 1225 1705 apud
1249 1645 1533 1712 Aristotelem
1563 1648 1625 1691 ita
1656 1648 1771 1706 lega-

231 1738 315 1789 tur,
336 1737 384 1775 ut
399 1729 457 1774 ad
477 1745 611 1774 unum
628 1729 843 1773 referatur
857 1728 1043 1773 verbum
1062 1728 1135 1786 (cf.
1148 1728 1200 1772 R.
1218 1727 1423 1772 Eucken:
1453 1728 1508 1773 de
1521 1729 1769 1774 Aristotelis

235 1795 412 1855 dicendi
442 1811 610 1855 ratione
641 1826 683 1869 p.
718 1810 818 1867 37),
839 1809 1043 1869 exempla
1072 1824 1178 1854 vero
1211 1809 1341 1868 hujus
1372 1825 1476 1853 usus
1520 1810 1609 1868 jam
1650 1811 1771 1870 apud

231 1893 423 1949 tragicos
452 1892 731 1935 inveniantur
782 1891 854 1948 (cf.
886 1890 1077 1933 Ellendt.
1106 1890 1220 1933 Lex.
1253 1889 1384 1948 Soph.
1414 1890 1449 1933 I.
1483 1891 1606 1948 414),
1647 1892 1768 1951 apud

234 1971 447 2014 comicum
479 1970 739 2029 pervulgata
768 1977 833 2015 est
864 1970 970 2014 haec
1004 1969 1181 2013 dicendi
1211 1971 1337 2013 ratio.

352 2053 423 2096 De
454 2053 627 2110 origine,
665 2067 769 2096 vero
799 2058 842 2096 et
881 2052 1025 2110 prima
1055 2052 1175 2095 vocis
1219 2050 1538 2108 significatione
1579 2052 1659 2094 vix
1706 2058 1771 2096 est

236 2132 354 2191 quod
386 2134 632 2195 accuratius
663 2133 821 2188 dicam,
853 2147 987 2191 quum
1020 2131 1074 2175 de
1106 2131 1173 2174 his
1187 2131 1319 2175 rebus
1349 2132 1453 2175 satis
1472 2133 1648 2190 copiose
1681 2133 1769 2189 jam

235 2212 407 2270 egerint
436 2214 713 2271 grammatici
746 2212 813 2269 (ef.
831 2212 960 2256 Klotz
979 2211 1035 2256 ad
1053 2212 1167 2256 Dev.
1185 2212 1244 2273 II.
1279 2212 1381 2257 392.
1399 2212 1617 2272 Hartung.
1649 2213 1769 2258 Part.

237 2293 271 2336 I.
312 2293 411 2337 245.
471 2294 623 2338 Heller
653 2295 699 2337 in
727 2293 883 2338 Philol.
916 2293 1000 2338 vol.
1034 2293 1157 2338 VIII.
1189 2294 1295 2349 277)
1339 2295 1467 2340 nobis
1512 2297 1676 2342 sufficit
1706 2298 1769 2342 di-

236 2376 366 2430 xisse,
396 2391 544 2419 omnes
560 2375 679 2434 apud
699 2375 1032 2434 Aristophanem
1064 2375 1182 2419 locos
1199 2377 1294 2434 ejus
1324 2377 1656 2434 significationis
1689 2396 1771 2439 ope

236 2471 363 2516 posse
393 2457 631 2517 explicari,
678 2472 808 2516 quam
849 2457 1000 2500 statuit
1030 2457 1331 2502 Baumleinius
1362 2458 1774 2519 (Untersuchunyen

235 2539 340 2582 iiber
371 2538 441 2581 die
472 2539 634 2594 yriech.
668 2539 901 2583 Partikeln
936 2554 986 2594 p.
1020 2538 1096 2596 98)
1130 2537 1186 2596 δή
1226 2540 1487 2599 particulam
1517 2541 1579 2585 ibi
1611 2545 1717 2601 poni
1748 2560 1775 2588 a

237 2619 524 2678 scriptoribus
532 2651 544 2675 ,
587 2619 666 2663 ubi
702 2619 893 2678 aliquam
923 2634 1018 2663 rem
1065 2621 1347 2676 manifestam
1393 2635 1482 2665 esse
1524 2622 1774 2681 significare

236 2699 410 2744 vellent.

355 2783 419 2828 Ut
447 2782 583 2840 igitur
623 2781 834 2826 accedam
874 2782 931 2827 ad
979 2783 1123 2842 ipsum
1151 2782 1460 2843 Aristophanis
1505 2800 1648 2842 usum,
1690 2788 1776 2846 pri-

243 2860 678 2909 mumexaminandi
697 2872 825 2907 erunt
856 2864 952 2921 loci,
985 2865 1062 2909 ubi
1094 2864 1150 2922 δή
1181 2867 1310 2909 unius
1332 2866 1459 2910 verbi
1492 2868 1578 2910 vim
1607 2876 1778 2926 urguet,

1407 2947 1473 2992 4*
